1898 3016
784 91 1167 140 —117-

182 223 221 271 X
250 223 305 270 11.
353 221 592 268 Teruntur
614 219 728 266 11366
752 221 922 267 siccata
946 220 1146 280 curiose,
1170 217 1337 264 deinde
1363 217 1648 264 admiscetur
1670 231 1771 278 pas-

182 307 282 341 sum
321 291 578 353 Creticum,
616 297 668 336 ut
705 289 872 336 habeat
910 288 1262 350 spissitudinem
1301 286 1473 349 mellis3
1511 301 1618 334 cum
1656 301 1773 347 opus

183 370 273 424 est,
316 362 422 407 vino
467 366 655 406 austero
694 358 889 406 diluitur
927 366 974 406 61
1010 358 1218 406 solvitur.
1283 356 1414 403 Facit
1449 357 1538 403 hoc
1576 357 1774 404 medica-

183 438 389 479 mentum
434 436 481 476 et
524 429 580 475 ad
625 427 936 475 carbunculos
991 435 1038 475 et
1081 428 1138 475 ad
1180 429 1337 488 ignem
1382 441 1566 474 sacrum
1619 434 1666 474 61
1716 426 1773 473 ad

140 516 161 548 5
182 514 363 562 zonam,
401 513 537 561 quam
575 497 739 544 Graeci
775 498 969 559 herpeta
1006 498 1181 545 dicunt.
1256 496 1528 543 Coclearum
1565 498 1775 543 inanium

182 577 449 618 exustarum
480 569 598 615 cinis
629 582 735 614 cum
765 567 901 614 melle
931 569 1128 629 gingivis
1165 567 1398 628 inpositus
1429 567 1546 612 mire
1569 566 1775 628 prodest,

183 642 223 687 si
259 640 319 687 sit
354 638 468 685 haec
505 636 697 684 adsidue
735 638 929 684 curatio.
1002 637 1220 698 Gingivas
1264 635 1445 682 umidas
1490 642 1537 682 61
1573 636 1772 683 fetentes

180 709 268 756 hoc
297 708 600 755 medicamine
631 708 749 753 mire
781 706 987 753 sanabis:
1022 706 1219 753 Alumen
1251 707 1464 767 scissum,
1494 711 1572 753 tus
1594 719 1773 752 mascu-

182 778 292 840 lum,
315 778 448 824 aloen
471 778 679 838 epatitim
702 778 804 837 pari
826 776 1054 839 pondere3
1085 776 1200 822 haec
1222 777 1270 821 in
1295 775 1535 836 pulverem
1557 777 1776 821 tenuissi-

121 863 161 893 ιο
182 862 308 895 11111111
338 847 522 908 rediges
553 853 600 892 et
630 845 767 892 simul
796 847 1041 907 permixtis
1071 846 1235 906 uteris,
1265 846 1329 891 ita
1358 851 1412 891 ut
1438 846 1570 906 prius
1594 858 1646 891 os
1669 845 1776 890 vino

182 924 338 964 vetere
362 916 550 963 conluas
574 922 621 962 et
637 917 703 962 sic
721 917 917 977 gingivis
935 915 1079 976 digito
1096 914 1384 961 medicamen
1403 914 1620 974 adponaS.
1654 912 1776 960 Utile

182 994 254 1033 est
281 986 517 1033 interdum
547 985 749 1032 admixto
774 985 885 1032 huic
908 985 1091 1046 pulveri
1114 983 1249 1031 melle
1272 984 1546 1044 despumato
1570 985 1776 1044 gingivas

183 1058 466 1117 contingere.
516 1055 584 1101 Ad
615 1056 904 1116 gingivarum
935 1056 1133 1101 nimium
1163 1061 1394 1100 tumorem
1426 1059 1473 1099 et
1503 1053 1699 1099 fetorem
1732 1061 1778 1098 et

184 1127 493 1172 carcinomata
514 1124 803 1171 medicamen
825 1124 914 1170 hoc
937 1124 1079 1170 facies
1103 1124 1403 1170 decrescente
1426 1122 1536 1168 luna
1559 1122 1633 1168 die
1656 1122 1777 1168 Iovis

122 1210 162 1240 15
186 1197 275 1242 sic:
325 1194 506 1255 Piperis
542 1208 683 1255 grana
720 1208 885 1240 novem
924 1193 1127 1240 torrebis
1172 1207 1277 1239 cum
1322 1192 1505 1239 modico
1543 1192 1692 1238 lasere
1731 1199 1777 1238 61

184 1263 473 1310 cucurbitam
513 1265 682 1310 siccam
722 1262 954 1310 conbures
992 1269 1038 1309 et
1074 1269 1215 1324 caput
1252 1262 1414 1309 sardae
1453 1261 1686 1308 conbures
1725 1275 1778 1307 ac

184 1335 432 1394 separatim
476 1334 627 1379 omnia
673 1332 1025 1394 diligentissime
1070 1339 1210 1395 teres,
1253 1334 1316 1378 ita
1361 1339 1414 1378 ut
1450 1332 1498 1377 in
1536 1331 1777 1392 pulverem

184 1404 510 1450 tenuissimum
541 1402 826 1464 redigantur,
864 1417 1011 1462 eoque
1050 1403 1176 1448 sicco
1213 1402 1422 1463 gingivas
1453 1414 1673 1462 asperges
1704 1400 1776 1446 vel

185 1474 427 1533 continges
464 1479 510 1518 61
544 1486 650 1518 611111
685 1473 857 1518 iterum
888 1471 1107 1518 adhibere
1138 1471 1341 1517 volueris
1370 1470 1776 1532 medicamentum,

123 1555 164 1586 20
187 1543 293 1588 vino
323 1548 479 1589 vetere
509 1540 630 1588 bono
665 1555 717 1587 os
748 1541 899 1603 elues3
937 1541 1019 1587 sed
1049 1541 1140 1587 illis
1171 1540 1350 1602 diebus,
1382 1539 1552 1601 quibus
1583 1539 1775 1586 adhibes

185 1612 485 1672 curationem,
516 1610 668 1657 oleum
699 1618 745 1657 61
776 1612 1015 1671 porcinam
1047 1625 1140 1657 non
1170 1609 1493 1672 manducabis;
1531 1623 1624 1670 quo
1654 1609 1775 1656 facto

184 1680 316 1727 facile
354 1687 400 1727 te
438 1680 647 1727 absolves
686 1695 827 1741 supra
858 1682 1032 1741 scripta
1069 1682 1195 1727 omni
1225 1679 1437 1726 molestia
1469 1681 1775 1741 gingivarum.

185 1750 253 1796 Ad
291 1749 462 1812 ulcera,
500 1765 616 1811 quae
654 1758 911 1797 nascuntur
947 1751 1107 1811 pueris
1139 1750 1209 1796 vel
1239 1749 1495 1796 infantibus
1529 1750 1778 1810 utriusque

187 1834 324 1866 sexus
362 1821 410 1865 in
448 1834 528 1883 ore
566 1826 646 1865 aut
682 1821 730 1865 in
767 1826 956 1880 gutture
995 1826 1074 1866 aut
1110 1821 1159 1866 in
1190 1818 1444 1881 stomacho,
1483 1833 1600 1880 quae
1634 1818 1779 1879 pluri-

122 1903 162 1934 65
186 1888 274 1935 bus
312 1903 404 1935 uno
442 1895 652 1949 tempore
691 1888 841 1935 solent
877 1889 1088 1936 accidere
1127 1895 1173 1935 et
1209 1889 1314 1935 ideo
1348 1888 1669 1950 pestilentiosa
1700 1901 1778 1949 ap-

186 1958 438 2021 pellantur,
475 1958 606 2005 valde
643 1958 757 2005 utile
795 1965 866 2005 est
903 1958 1124 2005 adhibere
1161 1958 1450 2005 medicamen
1487 1958 1778 2005 huiusmodi:

186 2027 380 2090 Myrrae,
418 2028 551 2074 nardi
585 2027 775 2090 Syriaci,
812 2028 1027 2075 aluminis
1066 2029 1177 2090 fissi,
1216 2030 1348 2091 costi,
1386 2027 1529 2089 gallae
1562 2027 1778 2090 Syriacae

185 2099 479 2160 immaturae,
516 2099 670 2144 carnis
707 2099 900 2158 agninae
938 2098 1114 2161 aridae,
1152 2099 1342 2144 corticis
1379 2097 1606 2144 malorum
1639 2097 1780 2143 Puni-

186 2181 368 2230 corum,
413 2169 620 2214 omnium
663 2169 793 2228 paria
836 2168 1042 2228 pondera
1089 2182 1302 2214 seorsum
1339 2167 1695 2214 contunduntur
1732 2172 1779 2213 61

122 2251 163 2281 30
186 2243 346 2297 postea
375 2239 423 2283 in
455 2251 601 2284 unum
631 2239 889 2284 miscentur
919 2244 1057 2298 atque
1087 2237 1195 2284 inde
1226 2237 1396 2283 dantur
1427 2237 1483 2283 ad
1512 2236 1635 2283 diem
1659 2236 1777 2282 duae

187 2306 361 2367 cotylae
392 2321 498 2353 cum
528 2307 625 2352 vini
648 2309 824 2353 austeri
848 2307 1010 2369 cyatho
1035 2321 1142 2354 unc.
1188 2306 1295 2353 Mali
1318 2306 1482 2353 Punici
1504 2306 1634 2352 floris
1658 2305 1698 2351 X
1720 2304 1776 2368 II,

189 2389 367 2437 myrrae
399 2375 438 2422 X
468 2375 521 2440 II,
560 2375 775 2423 aluminis
805 2376 902 2423 fissi
933 2375 972 2422 X
1003 2376 1058 2439 II,
1096 2378 1225 2423 croci
1254 2375 1294 2422 X
1324 2376 1379 2422 ΙΙ.
1431 2375 1587 2422 Pulvis
1619 2389 1675 2421 ex
1704 2374 1778 2421 his

188 2447 489 2493 tenuissimus
534 2446 685 2493 factus
728 2445 996 2493 insufflatur
1049 2461 1134 2507 per
1178 2446 1453 2492 arundinem
1500 2444 1623 2506 quod
1666 2445 1778 2491 satis

190 2516 249 2560 sit
292 2515 504 2562 faucibus
547 2515 618 2562 vel
663 2517 881 2579 gingivis3
927 2515 1051 2577 quod
1096 2517 1269 2562 factum
1315 2523 1362 2562 et
1404 2516 1689 2561 intrinsecus
1732 2519 1779 2560 61

301 2625 326 2661 5
355 2621 596 2674 herpetam.
713 2627 738 2664 9
770 2621 996 2675 epatitem.
1107 2626 1160 2663 14
1190 2622 1509 2663 carcenomata.
1619 2625 1672 2662 20
1704 2619 1778 2661 ad-

188 2674 318 2718 bibis.
431 2681 483 2718 21
516 2677 601 2719 olei
630 2678 774 2720 oleum
806 2679 915 2730 (sic).
1031 2682 1085 2719 24
1113 2677 1160 2719 in
1188 2677 1447 2720 istomacho.
1556 2681 1608 2719 27
1632 2677 1777 2718 mirre.

190 2735 236 2772 31
278 2732 465 2786 cotylae]
498 2733 731 2775 drachmae
765 2732 1013 2776 Cornarius.
1130 2736 1271 2786 cyato.
1386 2737 1439 2774 34
1469 2731 1601 2775 facto.

1805 505 1858 543 30

1803 645 1855 682 31

1806 1062 1859 1100 32

1807 1757 1860 1794 33

1807 2313 1862 2351 34
