1898 3016
771 98 1015 150 —216
1093 71 1204 135 -'

166 234 222 275 ut
265 227 527 275 resolutum
571 229 620 274 in
649 240 748 274 *ore
792 233 1003 290 teneant,
1049 227 1306 289 spleniticis
1351 243 1408 275 ex
1444 243 1586 290 posca
1623 228 1770 292 dabis,

167 297 435 359 paralyticis
486 312 542 344 ex
595 312 714 359 aqua
758 297 928 360 calida,
979 298 1251 358 praecordia
1297 298 1562 346 dolentibus
1606 299 1769 346 itidem

169 381 225 414 ex
262 381 383 428 aqua
428 367 596 431 calida3
639 369 870 415 tortiones
913 369 1090 414 ventris
1130 370 1211 429 qui
1246 370 1510 431 patiuntur,
1555 383 1612 415 ex
1650 383 1768 430 aqua

170 436 317 484 calida
366 437 522 501 dabis3
569 437 881 484 motiunculas
928 436 1053 483 leves
1107 439 1189 498 qui
1231 439 1496 501 patiuntur,
1550 453 1606 485 ex
1650 453 1770 499 aqua

169 506 317 554 calida
361 507 505 554 dahis.
581 507 819 554 Secundas
865 508 1004 553 etiam
1041 507 1338 571 mulieribus,
1384 522 1500 569 quae
1539 523 1594 555 ex
1630 514 1811 569 partU5

168 576 242 623 vel
293 591 350 623 ex
401 577 569 624 abortu
613 578 948 639 remanserint,
1000 577 1212 640 discutit,
1265 579 1305 623 si
1350 592 1406 624 ex
1451 590 1563 624 suco
1615 578 1768 624 faeno-

170 649 330 708 graeci
374 648 497 693 cocti
540 647 613 693 vel
657 661 714 694 ex
759 646 909 693 mulsa
952 646 1208 694 bibendum
1249 647 1399 694 detur.
1472 649 1769 709 Apostemata

170 718 311 763 etiam
348 723 395 763 et
432 718 587 763 omnia
623 718 910 764 intrinsecus
942 716 1134 763 collecta
1168 723 1396 779 expurgat
1426 732 1482 764 ex
1513 717 1660 764 mulsa
1691 717 1767 763 da-

169 793 270 833 tum
301 786 374 833 vel
404 801 461 833 ex
491 787 785 847 saenograeci
816 801 942 834 suco.
997 786 1129 833 Sicca
1159 802 1269 833 vero
1301 789 1420 834 tussi
1448 786 1767 833 laborantibus

170 870 227 902 ex
272 855 408 902 melle
454 856 552 903 solo
598 856 741 903 dabis.
816 856 882 902 Ad
923 871 1060 904 uvam
1098 857 1349 903 stillantem
1387 871 1444 903 ex
1480 856 1630 903 mulsa
1667 871 1767 918 gar·
1791 870 1832 901 10

171 926 471 987 garizandum
509 925 663 989 dabis,
708 926 782 973 his
827 941 958 988 vero,
1006 928 1086 988 qui
1123 927 1291 987 fungos
1330 933 1581 973 venenatos
1620 941 1770 973 come-

171 995 348 1058 derint,
395 1010 501 1042 cum
547 996 785 1058 oxymellis
831 997 1009 1058 cyathis
1052 996 1204 1043 tribus
1243 996 1387 1043 dabis,
1452 995 1694 1043 Venenum
1732 999 1771 1042 si

172 1067 277 1127 quis
311 1065 502 1129 biberit,
533 1081 590 1112 ex
620 1081 733 1112 suco
762 1067 972 1127 ptisanae
1003 1066 1263 1112 resolutum
1287 1068 1496 1128 accipiat.
1547 1065 1600 1112 In
1624 1067 1770 1112 omni-

169 1134 259 1182 bus
284 1149 394 1181 sane
417 1135 716 1196 passionibus
740 1135 898 1182 triduo
923 1137 1146 1182 continuo
1167 1135 1319 1198 dabis3
1343 1138 1382 1182 si
1405 1149 1597 1182 necesse
1614 1136 1772 1197 fuerit,

170 1206 345 1251 iterum
369 1204 456 1251 alio
482 1205 639 1251 triduo
664 1204 816 1268 dahis3
844 1205 1062 1252 omnibus
1086 1220 1196 1251 sane
1222 1212 1447 1266 quantum
1472 1205 1603 1252 fabae
1626 1206 1771 1266 Aegy·
1795 1218 1835 1250 15

169 1276 350 1336 ptiacae
389 1289 587 1335 granum
626 1282 697 1320 est
735 1274 879 1321 dabis.

86 1354 167 1393 129
313 1343 553 1391 Confectio
591 1346 796 1405 potionis
834 1344 890 1390 ad
929 1359 1113 1390 omnem
1160 1346 1405 1391 sanitatem
1450 1344 1579 1391 utilis
1624 1351 1671 1391 et
1715 1345 1771 1391 ad

169 1414 399 1461 stomachi
436 1415 839 1461 confirmationem
868 1416 1039 1475 accipit
1068 1414 1203 1462 haec:
1241 1414 1384 1461 Lauri
1411 1414 1632 1461 bacarum
1661 1429 1771 1476 pur-

169 1491 380 1545 gatarum
418 1483 546 1547 -1,
584 1499 767 1546 myrrae
799 1511 863 1517 -
889 1483 930 1547 I,
966 1486 1210 1544 gentianae
1254 1508 1310 1516 —
1345 1484 1379 1547 I,
1418 1484 1656 1531 aristoloci
1698 1499 1770 1531 ro-

169 1554 306 1601 tundi
340 1580 399 1587 —
426 1553 467 1617 13
497 1553 739 1615 pulverem
762 1555 1092 1601 tenuissimum
1125 1569 1178 1600 ex
1211 1554 1284 1600 his
1316 1554 1563 1615 speciebus
1587 1569 1770 1615 separa-
1794 1568 1835 1598 20

168 1626 255 1671 tim
278 1626 432 1671 tunsis
456 1624 598 1670 facies
623 1630 670 1670 et
690 1630 853 1685 postea
875 1623 1183 1684 permiscebis
1208 1630 1253 1670 et
1276 1638 1477 1685 repones
1501 1630 1548 1670 et
1571 1639 1678 1670 cum
1703 1627 1772 1672 uti

168 1694 387 1757 volueris,
426 1693 635 1740 cocleare
666 1708 812 1740 unum
843 1709 951 1740 cum
982 1695 1170 1754 potione
1203 1693 1377 1740 calidae
1408 1708 1554 1755 aquae
1584 1695 1770 1740 ieiunus

168 1765 371 1824 accipies
403 1769 450 1810 et
478 1765 771 1825 interpositis
798 1763 963 1810 diebus
995 1778 1100 1810 cum
1132 1763 1336 1810 volueris
1359 1765 1532 1810 iterum
1555 1765 1771 1825 accipies.

167 1833 325 1880 Primo
366 1847 476 1879 vere
517 1841 672 1880 tamen
709 1835 907 1894 incipies
943 1833 1030 1879 hac
1060 1835 1249 1894 potione
1281 1834 1350 1879 uti
1381 1839 1428 1880 et
1458 1833 1625 1880 deinde
1659 1848 1771 1895 quo-

165 1903 306 1950 modo
344 1899 547 1950 volueris
584 1918 670 1964 per
707 1909 919 1964 tempora
955 1903 1112 1950 triduo
1151 1905 1374 1950 continuo
1411 1905 1574 1950 uteris.
1793 1916 1834 1948 25

83 1984 166 2022 130
309 1973 605 2037 Antidotum,
647 1973 772 2034 quod
810 1973 921 2020 facit
958 1973 1013 2019 ad
1052 1987 1213 2020 omnes
1252 1972 1437 2019 dolores
1474 1975 1686 2020 internos
1724 1979 1771 2020 et

168 2043 226 2089 ad
274 2043 567 2090 stomachum
605 2043 999 2105 confirmandum,
1043 2044 1213 2104 recipit
1250 2042 1385 2089 haec:
1436 2042 1542 2104 Apii
1578 2045 1771 2089 seminis

168 2106 231 2179 ῼα
264 2111 390 2176 XXI,
437 2112 594 2159 anethi
639 2114 831 2159 seminis
870 2107 932 2180 ἓ
964 2112 1106 2175 VIIII,
1145 2114 1344 2159 castorei
1382 2106 1444 2179 ῼα
1477 2111 1555 2174 VI,
1591 2114 1769 2173 piperis

169 2177 231 2249 „9⁴
263 2182 340 2245 III,
379 2184 474 2243 opii
513 2176 575 2249 2
607 2182 683 2246 III,
722 2197 904 2244 myrrae
943 2177 1005 2249 „9³
1037 2182 1114 2229 111.
1173 2182 1297 2229 Haec
1336 2183 1488 2228 omnia
1519 2183 1769 2242 separatim

166 2253 339 2299 tundes
372 2259 417 2299 et
449 2267 504 2298 ex
535 2252 671 2299 melle
696 2255 872 2314 optimo
897 2252 1181 2313 temperabis
1214 2260 1260 2299 et
1290 2266 1397 2299 cum
1421 2251 1623 2298 volueris
1655 2251 1765 2297 dare
1791 2266 1833 2296 30

166 2324 420 2386 potionem,
450 2324 499 2368 in
530 2322 720 2369 modum
751 2322 883 2369 fabae
915 2321 1127 2383 globulos
1159 2323 1301 2368 facies
1333 2327 1379 2367 et
1409 2321 1540 2367 dabis
1572 2335 1628 2366 ex
1659 2335 1767 2368 con·

167 2392 264 2438 dito
304 2394 400 2438 sive
439 2394 546 2438 vino
587 2399 756 2455 vetere,
795 2392 876 2438 sed
915 2394 955 2438 si
986 2392 1333 2452 febricitaverit,
1373 2405 1427 2436 ex
1459 2390 1602 2437 calida
1636 2405 1767 2452 aqua.

166 2461 292 2508 Haec
325 2461 557 2509 confectio
589 2462 763 2508 dicitur
795 2461 1051 2524 athanasia3
1084 2461 1194 2508 facit
1224 2461 1280 2507 ad
1312 2460 1470 2507 lateris
1502 2466 1547 2507 et
1578 2461 1633 2507 ad
1666 2460 1769 2523 coli,

166 2533 420 2593 praecipue
459 2531 515 2578 ad
554 2531 782 2578 stomachi
820 2531 1041 2578 dolorem.

309 2642 333 2679 2
363 2638 621 2691 paraliticis.
759 2641 812 2681 12
844 2636 1075 2679 oximellis.
1208 2639 1258 2677 13
1289 2634 1470 2688 pisinae.
1588 2640 1641 2677 14
1666 2640 1769 2689 post

168 2692 448 2747 passionibus
480 2695 579 2736 add.
612 2694 727 2735 sunt.
832 2697 883 2735 19
914 2693 1087 2734 mirrae.
1193 2691 1419 2733 aristoloci
1449 2691 1628 2734 rotundi
1657 2692 1767 2745 (sic).

168 2754 222 2792 26
253 2749 370 2792 fecit.
487 2754 539 2791 29
570 2749 743 2791 min-ae.
