1898 3016
790 114 1134 164 -10-

141 257 145 262 ·
168 244 299 306 facit3
330 243 538 289 nascitur
562 242 701 287 etiam
724 240 831 288 bilis
854 242 984 288 acida
1009 247 1055 288 et
1078 255 1246 304 amara,
1273 256 1390 302 quae
1415 242 1588 289 dicitur
1612 248 1760 289 mater

167 312 454 359 morborum.
505 310 620 357 Bilis
644 313 767 357 enim
792 326 899 358 cum
925 318 1010 375 est,
1035 313 1238 358 concitat
1261 311 1451 358 calores.
1503 312 1568 358 De
1592 314 1760 373 pituita

166 383 409 444 perfrictio
448 382 677 443 nascitur,
723 395 840 443 quae
879 381 990 428 facit
1027 381 1234 428 dolorem
1271 382 1622 444 intestinorum,
1667 387 1761 429 tor-

168 454 323 499 siones
347 453 485 498 etiam
509 451 903 514 inflationemque,
932 465 1050 512 quae
1074 465 1246 512 corpus
1270 457 1501 498 extenuat.
1562 451 1761 513 Sanguis

167 530 323 569 autem
360 537 384 568 a
422 522 565 568 nimio
604 520 709 567 cibo
746 522 981 582 nimiaque
1019 522 1208 583 potione
1245 522 1410 582 incipit
1447 521 1683 568 abundare
1716 527 1762 568 et
1804 534 1824 564 5

168 592 397 639 cruditate
445 592 783 651 conrumpitur.
851 589 942 644 Qui
986 605 1094 638 cum
1132 596 1350 652 evagatur
1394 597 1524 637 extra
1569 605 1761 638 cursum

165 668 373 724 naturae,
410 661 552 707 infert
589 660 742 721 aliqua
773 662 961 722 corpori
990 662 1111 723 vitia,
1144 667 1190 708 et
1219 662 1267 707 in
1299 675 1590 722 quacumque
1627 667 1759 722 parte

167 737 427 792 conruptus
458 730 686 794 incubuit,
716 730 876 790 fatigat
907 737 953 777 et
983 730 1136 777 laedit.
1195 730 1310 777 Nam
1341 732 1529 791 sanguis
1561 732 1761 777 animam

167 816 354 862 quoque
392 802 523 847 vitiat
561 807 606 847 et
643 800 751 846 inde
783 815 834 847 os
865 800 1067 847 hominis
1098 802 1263 861 incipit
1301 800 1460 846 fetere.
1535 799 1650 847 Cum
1689 806 1761 847 cst

167 885 277 932 ergo
302 873 485 931 integer
509 871 711 932 sanguis,
742 872 941 916 animam
965 872 1065 917 sine
1089 870 1230 917 dubio
1255 871 1511 933 confirmat,
1538 876 1590 916 ut
1613 872 1761 931 possit
1785 883 1823 913 10

167 941 315 1002 frigus
347 940 641 1001 caloremque
673 940 842 986 fortius
873 942 1120 988 sustinere.
1173 940 1231 986 At
1262 954 1369 986 cum
1400 939 1603 986 abundat
1635 954 1761 986 cum-

167 1025 257 1071 que
295 1010 447 1057 calore
485 1012 664 1056 animae
702 1012 1049 1072 conrumpitur,
1087 1011 1138 1056 fit
1177 1011 1352 1071 sanies3
1401 1016 1501 1056 tum
1539 1015 1584 1055 et
1622 1009 1763 1055 bilem

166 1087 313 1126 atram
351 1079 605 1127 concitabit
642 1085 689 1126 et
726 1079 928 1126 calorem
965 1080 1201 1126 interdum
1232 1094 1284 1125 ac
1315 1079 1462 1140 frigus
1494 1079 1633 1125 faciet
1663 1093 1762 1125 cor-

165 1152 362 1211 porique
401 1152 619 1196 universo
657 1149 929 1210 languorem
965 1151 1236 1210 animaeque
1267 1148 1439 1194 malum
1470 1148 1661 1195 odorem
1691 1147 1763 1195 vel

167 1219 422 1266 anhelitum
459 1220 610 1265 faciet.
670 1218 770 1272 Quo
810 1219 991 1265 facilius
1022 1220 1167 1279 igitur
1199 1218 1453 1264 commodis
1483 1217 1762 1264 valetudinis
1786 1230 1825 1262 15

166 1289 378 1336 fruamur
415 1294 461 1336 et
499 1288 793 1335 incommoda
831 1289 1050 1350 vitemus,
1088 1289 1400 1349 prognostica,
1438 1287 1485 1333 id
1523 1293 1594 1333 est
1631 1302 1761 1348 prae-

166 1361 405 1405 currentia
441 1360 566 1422 vitia,
598 1358 744 1418 signis
782 1357 1072 1404 naturalibus
1112 1371 1447 1417 cognoscamus
1485 1359 1762 1419 cognitaque

167 1429 482 1492 emendemus,
505 1443 563 1475 ne
587 1428 827 1474 mortifera
852 1428 976 1474 fiant.
1029 1427 1259 1481 Quattuor
1282 1428 1426 1487 igitur
1450 1426 1762 1488 disponuntur

166 1500 377 1559 corporis
409 1506 581 1560 partes,
611 1499 746 1544 cuius
778 1499 908 1558 origo
939 1499 988 1543 in
1019 1498 1171 1558 capite
1195 1502 1267 1543 est
1291 1503 1337 1542 et
1360 1496 1561 1558 thorace,
1593 1497 1761 1543 deinde

167 1574 329 1615 venter
367 1569 583 1630 sequitur
622 1574 668 1614 et
705 1569 872 1615 vesica.
931 1567 998 1613 Ita
1037 1581 1147 1627 ergo
1185 1566 1395 1613 locorum
1431 1567 1629 1613 istorum
1668 1568 1758 1613 sin·
1782 1579 1822 1610 20

166 1653 297 1685 ceras
335 1646 468 1684 notas
507 1651 857 1698 cognoscemus.
931 1636 1143 1683 Hominis
1181 1637 1281 1682 sani
1317 1637 1452 1682 urina
1489 1650 1623 1682 mane
1660 1635 1761 1683 alba

165 1710 268 1770 erit,
299 1713 405 1754 ante
436 1708 685 1768 prandium
715 1707 832 1766 rufa,
871 1709 1029 1768 pransi
1066 1720 1233 1754 rursus
1268 1705 1475 1769 candida,
1512 1707 1624 1752 item
1654 1711 1759 1752 ante

165 1792 328 1824 cenam
365 1792 541 1824 russea.
599 1777 694 1824 Nec
734 1791 819 1838 ego
856 1783 1012 1823 tamen
1047 1777 1375 1823 necessitatem
1405 1775 1665 1836 prandendi
1693 1777 1760 1822 in-

164 1850 313 1910 posui,
345 1848 426 1894 sed
456 1849 603 1908 magis
634 1849 816 1894 urinam
840 1855 887 1893 et
910 1853 1122 1908 tempora
1143 1845 1369 1893 naturalia
1393 1845 1588 1892 ostendi.
1647 1844 1760 1892 Can-

166 1917 271 1964 dida
311 1919 435 1964 enim
471 1919 608 1964 urina
647 1917 785 1963 debet
823 1931 947 1978 esse,
993 1916 1075 1963 ubi
1113 1916 1319 1963 cruditas
1357 1930 1451 1961 non
1489 1921 1579 1977 est,
1626 1929 1758 1961 mane
1782 1927 1822 1958 25

166 1989 324 2048 quieto
364 2002 575 2048 corpore,
615 1987 781 2033 deinde
820 1994 976 2034 motus
1013 1989 1114 2047 ipse
1150 1992 1196 2033 et
1226 1984 1536 2032 deambulatio
1577 1986 1761 2031 urinam

165 2057 324 2104 turbat
380 2059 644 2118 excitatque
696 2058 898 2103 vesicam
950 2056 1150 2117 ideoque
1196 2055 1445 2102 coloratior
1489 2056 1551 2100 fit.
1626 2054 1759 2108 Quod

166 2129 207 2172 si
243 2141 377 2172 mane
415 2129 550 2173 urina
588 2128 838 2173 mutaverit
876 2126 1094 2189 colorem,
1132 2125 1336 2172 ostendit
1372 2123 1565 2171 subesse
1594 2125 1759 2171 vitium

166 2197 466 2259 infirmitatis,
499 2196 622 2258 quod
649 2202 805 2243 tamen
828 2198 1032 2258 propriis
1056 2196 1243 2242 indiciis
1266 2193 1589 2255 intellegimus.
1643 2193 1758 2240 Cum

167 2268 291 2312 enim
321 2281 346 2313 a
378 2267 529 2328 capite
559 2266 753 2313 morbus
784 2267 950 2328 oritur,
981 2265 1098 2312 solet
1126 2267 1290 2326 capitis
1321 2263 1451 2311 dolor
1481 2277 1755 2325 conparere3
1780 2276 1820 2307 30

165 2343 279 2382 tunc
311 2343 356 2383 et
387 2336 636 2398 supercilia
666 2342 929 2398 gravantur,
962 2342 1172 2396 tempora
1203 2334 1385 2396 saliunt,
1416 2347 1551 2380 aures
1580 2339 1759 2395 sonant,

167 2405 291 2452 oculi
322 2406 578 2468 lacrimant,
609 2420 748 2453 nares
779 2406 983 2467 repletae
1016 2406 1208 2452 odorem
1238 2419 1331 2451 non
1362 2404 1581 2450 sentiunt.
1642 2401 1758 2448 Cum

167 2490 222 2521 ex
260 2475 333 2521 his
371 2490 482 2536 ergo
521 2475 694 2537 aliquid
734 2475 915 2538 accidit,
953 2482 1092 2537 caput
1128 2475 1319 2536 purgari
1356 2478 1540 2534 oportet
1572 2472 1658 2518 hac
1689 2486 1758 2518 ra-

166 2547 305 2591 tione.
366 2544 542 2606 Hysopi
587 2552 666 2592 aut
709 2546 890 2592 cunilae
935 2545 1135 2592 bubulae
1181 2542 1452 2590 fasciculum
1498 2556 1603 2589 cum
1641 2555 1759 2602 aqua

278 2655 302 2693 3
333 2650 571 2706 torsiones]
603 2652 746 2693 tortur
774 2653 839 2694 vel
868 2653 1022 2694 tortus
1119 2655 1142 2692 6
1169 2652 1379 2702 evagatur
1400 2649 1575 2703 scripsi:
1606 2660 1758 2689 evaca-

163 2707 237 2748 tur
273 2708 361 2749 cod.
401 2711 639 2749 evacuatur
671 2708 920 2751 Gornarius.
1067 2711 1116 2748 12
1153 2705 1301 2747 anima
1330 2711 1423 2750 2m.
1561 2707 1610 2744 15
1640 2703 1758 2745 vale-

164 2761 332 2804 tudinis
363 2767 388 2804 1
399 2776 439 2804 m
470 2762 729 2805 valitudinis
760 2768 852 2807 2m.
970 2767 1022 2804 30
1054 2762 1324 2816 comparere]
1356 2764 1615 2814 temperare.
