1898 3016
794 95 1135 146 -85-

173 227 295 290 quod
332 226 618 273 medicamen
658 228 705 272 in
736 225 903 287 pyxide
941 238 1075 271 aerea
1113 222 1251 270 debet
1288 226 1466 287 reponi,
1505 225 1616 270 satis
1646 223 1760 270 utile

174 305 219 344 et
261 296 532 343 leucomatis
578 303 624 342 et
669 294 966 342 cicatricibus
1005 301 1051 340 et
1088 293 1303 340 omnibus
1341 295 1465 340 vitiis
1504 293 1759 356 oculorum,

174 369 213 414 si
257 366 446 413 adsidue
491 365 598 412 inde
644 372 690 412 et
731 370 990 426 opportune
1027 365 1328 424 inungantur.
1401 362 1461 409 Ut
1498 363 1845 410 leucomata149

173 435 412 483 oculorum
454 435 704 482 efficaciter
741 434 988 496 discutias,
1033 433 1231 494 ungulas
1268 434 1387 479 asini
1424 434 1621 479 viventis
1655 432 1763 479 lima

130 520 150 551 5
173 512 219 553 et
256 505 393 552 scobe
432 519 589 551 earum
630 519 766 566 quam
805 505 1101 567 tenuissimo,
1140 505 1218 564 qui
1259 502 1443 549 levitate
1482 517 1564 548 sua
1603 502 1762 548 oculos

175 591 264 622 non
289 575 501 637 offendat,
539 589 644 621 cum
673 573 790 620 lacte
814 573 1032 620 muliebri
1062 574 1205 619 mixto
1234 573 1506 633 frequenter
1535 573 1762 632 inungito.

172 647 380 692 Araneus
418 644 549 691 albus
587 643 805 690 cruribus
843 643 1126 703 longissimis
1165 657 1269 689 cum
1308 642 1408 688 oleo
1447 647 1604 688 vetere
1646 656 1753 688 con·
1768 650 1848 688 150

172 717 311 762 tritus
340 728 424 776 per
453 715 771 760 inunctionem
803 712 1042 759 adsiduam
1081 711 1339 758 leucomata
1380 713 1541 758 eximit
1579 718 1625 758 et
1658 711 1763 757 ideo

171 785 328 847 plures
372 798 478 830 cum
524 783 624 830 oleo
670 783 924 829 sufficienti
968 783 1059 829 teri
1103 787 1310 844 oportet,
1355 796 1413 827 ne
1452 787 1557 827 ante
1597 781 1763 827 confir-

110 867 150 897 10
173 860 338 900 matam
400 854 641 900 sanitatem
700 852 988 898 medicamen
1047 853 1365 897 necessarium
1423 850 1556 897 desit.
1638 850 1848 911 Cepalbl

171 924 305 984 longa
351 929 544 970 contusa
590 923 866 984 exprimitur
912 923 1106 982 eiusque
1153 935 1295 967 sucus
1340 919 1636 980 opobalsamo
1681 919 1766 981 vel,

174 993 295 1055 quod
341 993 574 1039 efficacius
622 999 715 1054 est,
762 991 871 1038 lacti
907 991 1116 1038 mulieris
1154 990 1387 1036 admixtus
1425 990 1682 1036 leucomata
1722 996 1768 1036 et

173 1064 413 1110 cicatrices
459 1069 506 1109 et
543 1077 660 1123 quae
699 1061 863 1108 Graeci
900 1067 1133 1122 argemata
1171 1059 1403 1122 appellant
1439 1061 1557 1106 miro
1597 1059 1764 1106 effectu

172 1134 432 1179 inunctioni
469 1132 672 1178 adhibita
703 1137 921 1178 extenuat
952 1136 1090 1191 atque
1121 1136 1352 1190 persanat.
1420 1130 1659 1175 Anemone
1691 1129 1848 1175 di-152

113 1214 151 1244 15
174 1204 296 1249 citur
340 1216 364 1248 a
403 1201 590 1248 Graecis
635 1201 799 1262 herba,
846 1215 962 1261 quae
1006 1206 1182 1246 tantam
1229 1201 1321 1245 vim
1359 1199 1556 1245 remedii
1593 1198 1766 1245 habere

175 1271 396 1332 creditur,
441 1278 492 1317 ut
536 1278 715 1332 portata
760 1270 816 1316 ab
855 1284 908 1316 eo
954 1269 1027 1315 vel
1071 1269 1300 1329 subligata
1346 1269 1464 1315 collo
1515 1270 1636 1331 eius,
1688 1269 1767 1329 qui

175 1341 413 1402 glaucoma
444 1342 635 1402 patitur,
658 1342 780 1386 intra
804 1339 902 1386 dies
927 1339 1231 1400 quadraginta
1256 1340 1463 1400 quinque
1491 1353 1598 1385 eum
1623 1340 1766 1384 sanis-

176 1413 343 1457 simum
374 1410 548 1457 reddat.
600 1409 659 1456 Ut
688 1409 927 1471 glaucoma
956 1411 1186 1470 incipiens
1218 1409 1434 1455 celeriter
1466 1408 1851 1468 discutiatur‚153

175 1479 365 1527 herbam
410 1479 660 1541 serpyllum
706 1479 914 1540 decoque
960 1486 1006 1525 et
1051 1480 1152 1524 eius
1197 1492 1315 1539 aqua
1361 1477 1521 1524 oculos
1574 1477 1767 1524 adsidue

113 1560 153 1592 20
176 1551 292 1612 fove,
329 1555 489 1611 postea
526 1551 629 1610 pice
667 1548 841 1610 liquida
878 1563 995 1609 pura
1033 1562 1085 1594 ac
1126 1547 1271 1594 nitida
1307 1547 1433 1594 velut
1471 1547 1661 1609 collyrio
1699 1549 1768 1593 in-

175 1634 309 1681 unge,
348 1620 440 1666 cito
479 1620 676 1680 recipies
714 1620 970 1664 sanitatem.
1034 1617 1243 1664 Perdicis
1282 1619 1421 1663 unius
1462 1617 1536 1679 fel,
1575 1616 1852 1678 opobal-154

176 1690 290 1736 sami
328 1688 542 1750 cyathum
589 1703 755 1750 unum,
801 1689 959 1750 cyperi
998 1687 1177 1733 Sidonii
1221 1687 1374 1748 cyathi
1417 1693 1597 1748 partem
1636 1687 1767 1733 dimi-

175 1759 317 1820 diam,
360 1760 470 1804 trita
514 1758 627 1804 haec
672 1764 718 1804 et
762 1758 817 1804 ad
864 1771 1091 1804 summam
1129 1757 1362 1803 levitatem
1400 1757 1625 1817 perducta
1663 1770 1767 1816 per-

177 1830 408 1888 mixtaque
432 1829 478 1873 in
503 1827 670 1889 pyxide
687 1826 903 1888 plumbea
927 1841 1124 1887 repones
1150 1833 1196 1873 et
1223 1827 1495 1873 inunctione
1519 1826 1766 1872 adversum

112 1908 152 1939 25
175 1897 458 1958 glaucomata
483 1903 529 1943 et
552 1897 807 1958 ypochyses
831 1903 878 1943 et
901 1896 1144 1957 caliginem
1167 1898 1284 1942 mire
1302 1897 1465 1942 uteris.
1504 1896 1640 1942 Corvi
1663 1910 1756 1941 ma·
1772 1904 1852 1942 155

174 1969 267 2013 rini
304 1966 364 2012 fel
402 1968 665 2013 inunctioni
702 1966 959 2013 adhibitum
997 1966 1218 2026 caligines
1256 1965 1401 2028 tollit,
1443 1965 1684 2026 albugines
1722 1971 1769 2011 et

175 2038 418 2083 cicatrices
456 2042 689 2099 extenuat,
728 2051 891 2082 carnes
930 2042 1255 2082 excrescentes
1290 2037 1545 2096 compescit
1575 2036 1767 2082 fluores-

176 2121 264 2167 que
310 2105 550 2152 oculorum
596 2106 823 2167 reprimit.
896 2105 1135 2168 Pisciculi,
1184 2107 1265 2166 qui
1317 2120 1488 2166 equum
1527 2107 1852 2151 marinum156

177 2175 359 2238 similat,
397 2175 458 2221 fel
504 2190 696 2221 ovorum
735 2175 959 2221 albumini
995 2177 1191 2221 mixtum
1231 2181 1277 2221 et
1314 2189 1420 2221 cum
1459 2174 1562 2220 lana
1607 2174 1767 2221 sucida

113 2255 154 2286 30
176 2245 321 2292 oculis
367 2245 629 2305 adpositum
676 2245 840 2291 melius
885 2245 1143 2291 remedium
1190 2259 1329 2305 supra
1378 2246 1564 2305 scriptis
1611 2243 1766 2290 oculo-

177 2329 279 2362 rum
318 2316 469 2361 causis
509 2329 644 2376 quam
683 2314 829 2361 ullum
868 2314 991 2361 aliud
1028 2315 1315 2360 medicamen
1346 2320 1585 2374 praestare
1623 2315 1766 2359 mani-

178 2384 344 2431 festum
378 2390 460 2431 est.
515 2384 722 2431 Scrofina
754 2385 887 2445 adipe
919 2386 1098 2430 recenti
1124 2386 1163 2430 si
1188 2386 1293 2444 quis
1318 2385 1543 2430 contritos
1568 2383 1760 2443 angulos
1772 2391 1851 2430 157

178 2454 438 2516 oculorum,
477 2469 593 2515 quos
631 2454 797 2501 Graeci
835 2453 1032 2501 canthus
1071 2460 1258 2515 vocant,
1303 2454 1503 2499 interius
1542 2454 1767 2499 exterius-

179 2538 266 2583 que
303 2525 559 2586 inunxerit,
596 2524 889 2585 vermiculos,
929 2525 1008 2584 qui
1045 2525 1172 2569 noxii
1210 2529 1319 2569 sunt
1355 2522 1515 2584 oculis,
1552 2529 1769 2583 potenter

116 2601 156 2632 85
180 2592 347 2639 educit.
422 2592 584 2655 Sepiae
623 2600 740 2640 testa
778 2595 994 2655 interior,
1034 2607 1150 2653 quae
1188 2592 1339 2638 mollis
1378 2599 1467 2655 est,
1507 2592 1853 2653 diligentis-158

184 2664 297 2708 sime
348 2664 456 2708 trita
509 2670 555 2709 et
605 2663 822 2710 muliebri
871 2663 988 2709 lacte
1038 2665 1263 2724 permixta
1318 2669 1456 2723 atque
1508 2663 1769 2709 inunctioni

181 2731 381 2778 adhibita
429 2747 569 2793 supra
614 2733 750 2780 dictis
788 2732 1029 2779 oculorum
1077 2733 1229 2779 causis
1275 2732 1527 2793 plurimum
1567 2732 1769 2794 prodest.
