1898 3016
743 171 805 177 -
886 143 980 193 171
1057 172 1121 177 --

271 271 407 318 Aliud
444 271 834 318 medicamentum
873 272 1064 317 strumis
1100 277 1147 316 et
1177 271 1379 331 suspirio
1410 271 1587 332 efficax,
1618 272 1728 318 facit
1760 280 1784 318 5

131 347 287 390 autem
326 347 374 388 et
409 340 465 387 ad
503 339 766 387 lumborum
806 340 1038 387 diutinum
1077 339 1284 386 dolorem
1323 346 1370 386 et
1407 340 1462 386 ad
1495 340 1727 402 paralysin

1 402 4 407 ’
59 450 62 453 Α
132 417 179 458 et
215 411 271 458 ad
308 410 591 472 hydropicos
629 416 675 457 et
712 410 768 456 ad
806 409 1030 471 lienosos,
1069 410 1317 456 conficitur
1354 411 1443 457 sic:
1481 409 1728 471 Bruoniae,

131 481 177 527 id
216 488 286 527 est
325 479 453 526 albae
491 481 612 542 vitis,
646 480 816 526 radicis
854 479 893 525 X
925 478 1021 542 XII,
1059 480 1141 526 iris
1178 479 1387 541 Illyricae
1426 478 1465 525 X
1495 478 1596 542 XII,
1634 495 1728 527 am·

89 564 109 596 5
133 551 332 597 moniaci
369 556 528 610 guttae
566 548 604 595 X
637 548 734 608 XII,
772 551 982 610 asparagi
1020 549 1190 595 radicis
1222 549 1261 596 X
1291 548 1362 611 VI,
1400 549 1555 595 scillae
1597 549 1728 596 bulbi

130 620 266 667 crudi
302 627 516 666 tenerum
555 633 610 665 ex
648 620 874 665 interiore
905 626 1036 679 parte
1068 618 1107 664 X
1138 618 1234 681 XII,
1272 619 1560 680 tragacanthi
1592 618 1631 665 X
1655 618 1726 665 VI.

131 689 212 736 His
249 688 399 735 mellis
436 690 662 735 miscetur
700 688 825 749 quod
865 689 1079 750 sufficiat,
1123 688 1205 735 sed
1242 690 1374 750 prius
1412 690 1623 735 contusis
1661 689 1727 735 di-

129 759 328 820 ligenter
358 766 405 806 et
435 759 573 820 tritis,
605 758 753 804 donec
785 760 934 804 ceroti
964 757 1165 804 habeant
1195 764 1581 821 temperaturam3
1618 758 1727 805 inde

129 843 237 875 cum
268 843 384 890 opus
415 835 500 890 est,
531 828 667 874 datur
697 829 854 874 ieiuno
887 827 1107 874 denarius
1138 842 1261 874 unus
1292 842 1399 874 cum
1434 842 1580 889 aquae
1613 827 1727 874 mul-

66 912 107 944 ιο
130 912 206 945 sae
245 898 421 960 cyathis
457 897 623 944 tribus

268 967 467 1014 Balsami
504 981 664 1014 semen
700 968 864 1013 tritum
902 972 1063 1028 potum
1107 981 1163 1012 ex
1200 969 1307 1013 vino
1345 966 1538 1028 prodest
1576 968 1726 1028 suspi-
1758 977 1782 1014 6

130 1038 289 1100 riosis,
337 1037 547 1099 caducis,
591 1037 841 1098 freniticis,
893 1036 1154 1098 pleuriticis
1204 1043 1250 1082 et
1298 1036 1353 1082 ad
1400 1037 1554 1083 omnia
1602 1038 1726 1099 vitia,

131 1121 248 1167 quae
292 1108 342 1153 in
385 1107 575 1153 thorace
623 1106 905 1169 subsistunt,
957 1106 1192 1167 pulmonis
1238 1112 1284 1152 et
1328 1107 1522 1167 suspirii
1573 1108 1726 1153 causis

131 1176 358 1223 medetur.
410 1176 640 1238 Thymum
670 1178 832 1222 tritum
864 1182 1026 1236 potum
1059 1191 1114 1222 ex
1148 1177 1252 1222 vino
1284 1182 1504 1222 extenuat
1533 1182 1581 1222 ct
1610 1175 1726 1222 cale·
1760 1186 1783 1223 7

67 1259 109 1291 15
132 1246 242 1292 facit
264 1260 382 1307 quae
407 1252 517 1292 sunt
539 1247 587 1291 in
611 1245 848 1292 stomacho
873 1247 1041 1307 gravia,
1071 1245 1195 1292 unde
1224 1247 1478 1306 suspirium
1503 1247 1727 1307 nascitur,

130 1321 340 1361 ventrem
378 1329 564 1376 quoque
602 1314 789 1377 relevat,
828 1317 1102 1376 sangumem
1133 1322 1353 1361 extenuat
1390 1321 1438 1361 et
1467 1330 1585 1375 quae
1618 1322 1728 1362 sunt

128 1384 365 1446 glutinosa.
392 1391 437 1431 et
469 1385 708 1431 haerentia
739 1387 789 1430 in
818 1384 1007 1431 thorace
1040 1390 1086 1431 et
1117 1384 1331 1431 faucibus
1355 1384 1572 1431 detrahit.
1622 1384 1723 1431 Ori·
1759 1394 1784 1432 8

129 1468 299 1514 ganum
336 1469 443 1501 cum
474 1468 612 1501 croco
643 1456 809 1500 tritum
840 1460 1143 1515 potatumque
1175 1468 1282 1500 cum
1314 1456 1421 1500 vino
1453 1455 1725 1516 suspiriosis

128 1523 334 1584 prodest.
393 1523 629 1585 Hysopum
662 1538 848 1585 quoque
879 1524 1061 1570 aridum
1093 1531 1342 1570 contusum
1378 1530 1425 1570 et
1455 1531 1637 1570 cretum
1668 1538 1724 1570 ex
1755 1534 1779 1571 9

65 1608 108 1638 20
130 1607 248 1654 aqua
292 1599 372 1640 aut
415 1595 522 1639 vino
567 1601 646 1640 aut
690 1600 820 1639 aceto
867 1599 946 1639 aut
989 1593 1125 1639 melle
1166 1593 1324 1640 datum
1362 1599 1441 1640 aut
1479 1593 1724 1640 decoctum

128 1677 236 1710 cum
273 1663 426 1724 aliquo
466 1677 606 1724 supra
643 1663 877 1709 dictorum
914 1662 1150 1724 liquorum
1190 1665 1461 1723 suspiriosis
1497 1663 1723 1710 medetur.

127 1731 417 1779 Marrubium
462 1732 644 1779 aridum
687 1735 851 1779 tritum
891 1747 999 1779 cum
1037 1732 1188 1779 mellis
1226 1732 1444 1779 cocliario
1484 1740 1724 1794 sumptum
1759 1742 1810 1779 10

128 1802 199 1848 vel
237 1816 379 1848 sucus
417 1803 518 1848 eius
555 1808 694 1863 potus
732 1816 877 1863 aeque
909 1803 1180 1863 suspiriosis
1211 1802 1418 1848 remedio
1451 1805 1552 1849 erit.
1610 1802 1723 1849 Cha·
1755 1812 1802 1848 11

129 1872 343 1933 maedrys
388 1877 634 1918 extenuata
686 1873 890 1932 tritaque
943 1878 989 1918 et
1041 1878 1149 1932 pota
1200 1872 1393 1932 prodest
1438 1874 1726 1933 suspiriosis,

63 1954 106 1986 25
131 1955 249 2002 quae
293 1947 487 2002 propter
535 1941 893 1988 crassitudInem
945 1956 1076 1988 suam
1125 1941 1305 2002 liquore
1359 1941 1534 2004 aliquo,
1587 1943 1726 1988 etiam

129 2025 267 2073 aqua,
307 2012 550 2056 extenuari
587 2010 726 2057 debet
763 2017 809 2056 et
847 2012 914 2057 sic
953 2012 1113 2071 accipi.
1180 2010 1335 2057 Herba
1371 2012 1580 2058 tiniatica
1618 2026 1726 2058 con·
1758 2020 1810 2058 12

128 2087 233 2127 tusa
269 2086 317 2126 et
354 2094 409 2126 ex
447 2079 583 2126 melle
622 2080 839 2126 cocliario
871 2087 1054 2141 sumpta
1087 2082 1368 2141 suspiriosos
1400 2088 1555 2143 curat,
1592 2089 1726 2128 rutae

129 2164 315 2211 quoque
364 2156 503 2210 atque
551 2149 723 2196 herbae
770 2149 1009 2196 blattariae
1055 2164 1196 2196 sucus
1243 2164 1328 2210 per
1372 2164 1422 2196 se
1468 2151 1604 2197 datus
1648 2158 1728 2197 aut

128 2219 310 2267 radices
348 2233 508 2266 earum
545 2220 756 2265 incoctae
794 2234 911 2280 aqua
949 2226 996 2265 et
1033 2221 1164 2280 potui
1201 2219 1333 2266 datae
1372 2219 1586 2266 similiter
1620 2234 1725 2281 pro-

67 2303 108 2334 so
132 2296 242 2336 sunt
278 2303 462 2335 necnon
500 2295 547 2335 et
584 2291 795 2350 capparis
832 2289 1013 2335 radices
1043 2289 1167 2335 idem
1198 2295 1450 2351 praestant,
1482 2291 1522 2335 si
1558 2291 1637 2352 ita,
1676 2295 1728 2335 ut

130 2373 271 2420 supra
302 2360 529 2420 scriptum
561 2365 646 2420 est,
683 2360 986 2419 accipiantur.
1046 2358 1215 2404 Resina
1245 2358 1561 2405 terebinthina
1592 2359 1726 2405 devo·
1763 2367 1811 2405 13

130 2435 261 2475 ratur
292 2428 348 2474 ad
378 2428 747 2489 magnitudinem
778 2427 908 2474 fabae
932 2428 1237 2489 Aegyptiacae
1274 2428 1330 2474 ab
1363 2442 1432 2491 eo,
1463 2430 1545 2489 qui
1575 2430 1726 2489 suspi-

130 2499 200 2544 rio
238 2497 429 2559 laborat,
466 2499 561 2544 vini
598 2498 763 2560 cyatho
802 2504 1149 2559 supersumpto,
1188 2512 1304 2558 quae
1342 2512 1419 2544 res
1457 2512 1623 2559 magno
1655 2512 1726 2544 re-

130 2567 284 2614 medio
323 2575 406 2614 est.

272 2733 296 2769 2
325 2728 570 2782 paralysen.
658 2734 684 2770 4
715 2728 1011 2771 hammoniaci
1085 2733 1135 2770 17
1167 2728 1424 2783 gluttinosa.
1501 2733 1553 2770 29
1584 2728 1728 2783 patui.

132 2788 184 2825 31
215 2783 494 2826 terebintina.
