1898 3016
771 106 1155 157 —133—

167 252 302 286 uvam
339 238 679 299 prominentem
719 242 917 283 coercet.
976 233 1103 281 Folia
1141 233 1249 281 rubi
1284 234 1484 281 arefacta
1514 235 1562 280 in
1592 233 1758 280 umbra
1791 243 1842 282 16

167 310 216 355 in
260 308 465 354 cinerem
510 311 890 368 concremantur,
935 306 974 351 is
1019 306 1137 351 cinis
1174 305 1222 350 in
1261 304 1458 350 cocleari
1497 318 1611 350 uvae
1650 303 1758 351 sub-

167 379 317 425 iectus
360 382 696 438 praesentaneo
741 375 947 423 remedio
992 388 1092 420 eam
1131 373 1377 420 contrahit.
1443 372 1757 420 Hirundinum
1792 383 1843 422 17

169 453 437 494 exustarum
482 447 600 492 cinis
645 460 792 506 usque
838 446 893 492 ad
933 443 1193 506 periculum
1231 443 1460 490 laboranti
1498 457 1613 489 uvae
1652 457 1759 490 cum

125 516 303 564 51116116
349 517 520 562 mixtus
565 521 782 576 potenter
818 515 1045 562 inlinitur.
1110 513 1306 561 Alumen
1353 515 1551 559 scissum
1591 512 1756 559 leviter
1793 523 1844 562 18

168 588 331 634 tritum
382 584 452 632 vel
498 591 689 631 tunsum
743 599 858 631 uvae
910 584 1149 631 subditum
1200 583 1404 645 prodest.
1488 581 1758 629 chalcitidis
1792 592 1842 631 19

169 650 302 724 21,
346 656 466 702 111115
512 649 573 721 ᾃσ
614 654 696 716 ΙΙΙ,
741 654 879 701 031015
924 656 1052 700 vivae
1097 653 1360 715 denarium,
1405 654 1566 716 1015111,
1611 653 1760 716 031111,

169 725 267 772 folii
297 719 360 792 „9-
390 724 547 788 binos,
584 725 712 771 croci
750 726 864 771 sicci
895 718 957 791 ῼα
993 723 1055 785 11,
1100 725 1253 770 010013
1299 731 1436 770 111053
1465 728 1520 774 ,et
1557 722 1760 769 cribrata

167 797 214 842 in
261 809 407 842 unum
452 793 669 841 miscebis
715 794 866 855 deque
911 808 965 840 eo
1011 793 1200 854 pulvere
1255 795 1303 839 in
1355 792 1556 839 cocleari
1605 793 1759 853 posito

106 881 146 912 10
169 879 302 912 uvam
326 871 500 928 tanges,
531 870 604 911 161
633 878 782 927 111306,
812 870 885 910 161
908 869 1013 910 3016
1038 862 1268 924 balneum,
1299 869 1479 909 certum
1505 863 1761 922 experieris

170 935 439 982 remedium.
514 934 631 981 Salis
675 948 892 996 granum,
936 934 1070 994 panis
1114 934 1301 994 micam,
1347 931 1597 978 carbonem
1634 945 1760 977 mor-
1791 940 1845 979 20

171 1011 301 1052 tuum
339 1006 387 1050 in
424 1004 669 1066 phoenicio
709 1003 916 1064 alligabis
954 1009 999 1050 et
1033 1002 1126 1049 lino
1159 1004 1283 1049 circa
1315 1001 1483 1048 collum
1514 1015 1650 1047 uvam
1681 1000 1760 1047 do-

169 1074 285 1122 lenti
322 1074 594 1135 suspendes.
654 1073 776 1120 Suco
806 1074 876 1120 vel
908 1073 1025 1120 lacte
1057 1073 1264 1133 caprifici
1300 1073 1348 1118 in
1380 1070 1579 1118 cocleari
1607 1071 1760 1132 posito
1791 1080 1843 1117 21

170 1159 257 1191 uva
302 1146 474 1206 optime
521 1143 801 1190 sublevatur.
867 1143 1024 1190 Urtica
1062 1144 1233 1189 teritur
1270 1143 1464 1201 eiusque
1504 1155 1646 1187 sucus
1685 1155 1760 1186 ex-
1792 1150 1845 1187 22

108 1229 148 1260 15
171 1228 362 1275 pressus
407 1220 453 1260 et
499 1213 756 1274 tepefactus
801 1213 857 1259 ab
904 1228 978 1275 60,
1024 1214 1104 1273 qui
1148 1226 1284 1258 uvam
1323 1211 1466 1272 dolet,
1512 1209 1761 1256 salubriter

172 1283 490 1345 gargalizatur.
563 1283 788 1345 Lapillus‚
827 1284 908 1344 qui
944 1284 992 1329 in
1031 1282 1221 1342 sfongea
1258 1281 1472 1327 Africana
1510 1281 1762 1341 invenitur,
1793 1289 1845 1326 23

170 1354 416 1416 phoenicio
455 1352 700 1399 obvolutus
738 1352 926 1414 linoque
965 1352 1133 1412 ligatus
1164 1351 1280 1398 collo
1313 1350 1617 1411 suspenditur
1648 1351 1762 1410 eius,

173 1425 253 1485 qui
296 1437 410 1470 uvae
455 1424 565 1470 vitio
610 1422 801 1470 laborat.
874 1422 1070 1469 Carmen
1108 1422 1162 1468 ad
1202 1435 1317 1467 uvae
1355 1419 1587 1482 dolorem,
1637 1418 1762 1480 quod
1792 1428 1846 1466 24

172 1495 272 1554 ipse
318 1492 407 1539 sibi
453 1494 533 1553 qui
577 1492 701 1539 dolet
746 1497 1016 1553 praecantet
1060 1497 1106 1538 61
1149 1505 1313 1537 manus
1358 1491 1547 1550 supinas
1593 1504 1617 1535 a
1661 1494 1762 1549 gut·

108 1569 280 1610 soture
326 1576 475 1623 usque
520 1562 575 1608 ad
621 1561 868 1608 cerebrum
907 1563 1170 1608 coniunctis
1211 1561 1367 1620 digitis
1405 1559 1582 1606 (lucens
1619 1559 1763 1604 dicat:

172 1632 319 1679 Crissi
356 1633 477 1678 crasi
514 1633 736 1678 cancrasi.
789 1631 970 1686 Quibus
1008 1631 1146 1677 dictis
1183 1644 1374 1677 rursum
1410 1643 1575 1675 manus
1607 1643 1630 1674 a
1662 1634 1763 1689 gut-

171 1708 277 1748 ture
316 1702 454 1748 ducat
492 1708 538 1748 et
574 1708 647 1748 ter
683 1701 771 1747 hoc
809 1702 959 1748 saciat.
1012 1700 1264 1747 Laboranti
1299 1714 1414 1746 uvae
1446 1699 1669 1745 diuturno
1701 1698 1762 1744 la·
1793 1706 1846 1746 25

171 1771 284 1818 bore
315 1771 428 1817 haec
460 1785 571 1817 cura
603 1773 859 1817 succurrit:
895 1770 1171 1817 Hirudinem
1203 1772 1349 1816 vivam
1379 1775 1500 1815 testo
1532 1767 1763 1815 avellanae

172 1841 385 1888 includes
432 1855 625 1901 eamque
670 1840 914 1901 phoenicio
966 1840 1219 1886 involutam
1268 1839 1362 1885 lino
1417 1840 1540 1885 circa
1593 1837 1764 1884 collum

107 1924 148 1955 25
172 1910 425 1971 subligabis
462 1912 676 1971 intraque
715 1910 838 1956 diem
869 1925 1043 1956 nonum
1074 1911 1198 1956 omni
1233 1909 1444 1966 molestia
1474 1907 1763 1954 liberaberis.

170 1979 236 2026 De
274 1995 360 2026 uva
397 1993 533 2040 passa
571 1979 713 2040 eliges
751 1993 968 2043 granum,
1011 1979 1133 2040 quod
1173 1993 1319 2026 unum
1356 1979 1642 2024 intrinsecus
1680 1991 1762 2023 nu-
1793 1986 1847 2024 26

171 2049 322 2096 oleum
359 2049 545 2110 habeat,
583 2063 783 2109 eumque
821 2051 869 2096 in
908 2049 1153 2110 phoenicio
1199 2047 1406 2108 alligabis
1451 2055 1498 2094 et
1536 2046 1763 2109 faucibUS,

171 2119 218 2165 id
263 2126 334 2165 est
371 2121 418 2165 in
456 2121 646 2179 regione
684 2133 819 2180 uvae,
862 2120 1042 2165 inseres
1081 2125 1127 2164 61
1166 2118 1346 2164 tenebis
1385 2123 1431 2164 et
1468 2118 1615 2164 dices:
1668 2116 1766 2162 Uva

172 2203 306 2235 uvam
338 2188 574 2251 emendat3
606 2203 712 2234 mox
742 2190 897 2249 ipsum
927 2188 1225 2250 phoenicium
1250 2201 1391 2248 supra
1414 2188 1638 2234 verticem
1663 2187 1764 2232 eius

108 2272 150 2303 80
173 2257 355 2304 tenebis
402 2264 448 2304 et
491 2258 614 2304 idem
661 2258 788 2304 dices
834 2272 1033 2318 cumque
1074 2263 1147 2304 ter
1183 2259 1336 2318 ipsum
1377 2258 1545 2303 seceris
1583 2262 1630 2302 et
1666 2269 1765 2302 car-

171 2329 439 2388 minaveris‚
484 2327 602 2374 collo
648 2327 847 2374 dolentis
893 2327 1159 2387 subligabis.
1226 2327 1374 2373 Rosae
1419 2328 1570 2372 siccae
1606 2333 1765 2386 partes
1796 2333 1849 2372 27

173 2397 306 2459 duas,
350 2398 491 2459 myrti
533 2403 714 2458 partem
758 2411 899 2444 unam
944 2411 1050 2443 cum
1096 2410 1214 2457 aqua
1259 2396 1407 2442 mulsa
1446 2396 1680 2456 decoques
1719 2400 1767 2441 et

172 2465 400 2513 laboranti
430 2480 516 2512 uva
548 2466 678 2513 dabis
707 2466 1092 2527 gargalizandum.
1143 2465 1446 2528 Lenticulam,
1476 2466 1594 2511 ficus
1618 2466 1766 2511 siccas

285 2589 309 2626 3
333 2585 635 2628 herundinum.
703 2591 727 2628 6
752 2587 964 2629 calchitis.
1034 2590 1085 2627 10
1110 2585 1298 2640 certum]
1322 2585 1514 2628 tertium.
1584 2589 1634 2626 12
1659 2583 1767 2625 feni-

171 2639 249 2682 tio.
347 2645 399 2682 14
427 2654 571 2683 uvam.
668 2647 718 2683 16
749 2642 951 2684 foenicio.
1048 2647 1100 2683 23
1132 2640 1371 2683 erudinem.
1458 2641 1575 2684 testo
1605 2639 1767 2682 avella-

171 2697 274 2751 nae]
300 2697 417 2738 testa
436 2696 670 2739 Africanae
693 2698 868 2740 cocleae
894 2698 1144 2740 Cornarius.
1205 2701 1259 2738 24
1282 2696 1476 2739 foenitio.
1536 2701 1589 2738 25
1611 2695 1768 2738 libera·

172 2752 296 2794 beres
320 2753 424 2807 (sic).
511 2756 562 2794 27
586 2753 745 2795 foenio.
840 2758 892 2796 29
916 2752 1151 2797 foenicum.
1250 2758 1302 2795 33
1327 2752 1382 2795 de
1404 2765 1491 2796 uva.
1515 2752 1769 2796 Coo-narius.
