1898 3016
800 107 1213 158 —52-‘

181 238 393 300 glabrum
429 237 583 284 locum
622 237 860 299 perfricet,
897 237 960 282 ita
997 242 1050 283 ut
1087 237 1218 296 prius
1252 234 1332 281 diu
1363 234 1506 281 linteo
1537 235 1774 296 asperiore

96 319 148 357 31
182 310 435 369 detergeat.
495 306 768 368 Aphronitri
805 306 935 353 floris
972 303 1139 366 pilulas
1178 303 1327 368 XXX,
1372 319 1541 351 nucem
1577 306 1774 367 pineam,

181 379 238 424 de
271 392 361 439 qua
391 383 585 438 propter
618 382 892 423 vetustatem
925 375 1079 422 nuclei
1109 374 1382 436 deciderint,
1412 380 1610 436 tunsam,
1646 388 1775 435 sapo-

182 449 256 494 nis
294 447 457 494 Gallici
494 445 734 509 selibram,
780 447 875 492 vini
910 445 1093 490 Aminei
1137 443 1326 505 cyathos
1362 450 1460 490 tres
1498 443 1636 490 simul
1674 458 1775 505 per-

180 517 403 564 miscebis
442 522 488 563 et
527 523 743 563 conteres
782 521 828 562 et
865 520 1006 575 caput
1042 513 1254 575 glabrum
1287 512 1475 560 inlines:
1513 513 1601 560 hoc
1632 513 1773 559 medi·
1799 526 1818 557 5

97 596 150 634 32
182 588 362 633 camine
416 588 553 632 etiam
606 587 750 646 crispi
806 583 960 646 capilli
1002 590 1268 630 nascentur.
1341 582 1485 629 Malva
1537 597 1643 629 cum
1696 597 1778 629 sua

182 657 340 703 radice
378 655 679 702 vehementer
724 656 964 716 coquitur,
1010 667 1064 700 ex
1108 654 1242 699 cuius
1287 667 1404 713 aqua
1442 651 1656 713 capillus,
1702 653 1779 698 cui

99 735 152 772 33
185 727 426 773 curatione
466 738 584 786 opus
622 731 706 787 est,
745 726 793 771 in
830 723 996 770 balneo
1035 722 1227 769 adsidue
1258 720 1448 768 lavatur.
1508 721 1611 768 Olei
1641 723 1780 768 cicini

188 822 245 828 —
282 794 366 859 III,
419 795 571 841 ladani
612 821 675 827 —
714 794 796 857 III,
850 793 1012 839 ladano
1065 795 1177 839 trito
1228 791 1450 855 paulatim
1501 790 1778 838 admiscebis

183 864 337 911 oleum
376 870 423 911 et
461 879 568 911 cum
605 864 755 911 mellis
799 862 1158 910 crassitudinem
1196 862 1385 924 feceris,
1423 861 1604 908 radices
1643 860 1780 922 capil-
1803 874 1843 904 ιο

183 934 337 982 lorum
375 934 567 981 adsidue
604 934 786 982 inlineS.

858 1085 983 1132 CAP.
1021 1084 1116 1131 VII.

186 1175 389 1229 capillo
432 1174 691 1227 nigrando
735 1177 789 1216 et
832 1174 1189 1226 incrispando.
1262 1172 1356 1214 His
1405 1171 1611 1214 adiecta
1656 1175 1783 1213 sunt

241 1255 380 1299 quae
417 1245 668 1298 phlegma
705 1246 760 1286 et
795 1242 1169 1298 perfrictiones
1207 1241 1391 1295 capitis
1430 1241 1720 1283 deducunt.

132 1362 153 1398 1
331 1350 588 1412 Crispando
650 1350 815 1412 capillo
872 1350 1243 1410 conpositionem
1294 1347 1564 1394 huiusmodi
1614 1347 1784 1394 facies:

186 1421 463 1483 Aphronitri
499 1420 629 1467 floris
659 1420 857 1467 tortulas
888 1433 1084 1466 numero
1115 1417 1255 1480 XXX,
1293 1431 1461 1464 nucem
1492 1419 1691 1478 pineam,
1729 1417 1784 1463 de

189 1506 279 1552 qua
317 1497 512 1551 propter
550 1496 828 1538 vetustatem
865 1489 1021 1536 nuclei
1058 1488 1233 1548 delapsi
1272 1489 1387 1550 sint,
1432 1493 1616 1533 tunsam
1656 1492 1702 1533 et
1738 1487 1786 1532 in

187 1561 430 1622 pulverem
472 1560 721 1622 redactam,
767 1561 954 1620 saponis
993 1558 1153 1604 Gallici
1192 1583 1258 1590 -——
1288 1556 1351 1602 ΙΙΙ
1390 1562 1437 1602 et
1474 1557 1655 1602 Aminei
1691 1557 1786 1602 vini
1810 1566 1850 1597 15

189 1630 381 1692 cyathos
418 1629 494 1692 III,
533 1636 672 1691 atque
709 1629 819 1676 inde
858 1634 997 1690 caput
1033 1627 1202 1674 inlines
1241 1632 1287 1673 et
1323 1628 1372 1672 in
1403 1625 1567 1672 balneo
1598 1625 1783 1672 lavabis.

191 1699 475 1761 Sphondylio
515 1714 701 1760 quoque
740 1705 879 1760 caput
922 1703 1232 1759 perungatur,
1278 1695 1358 1742 sed
1405 1697 1536 1756 prius
1584 1695 1785 1741 radatur.

134 1779 159 1816 2
193 1769 398 1816 Cornum
443 1771 601 1816 arietis
638 1775 803 1816 uratur
841 1770 1052 1829 cinisque
1091 1768 1192 1813 eius
1230 1780 1339 1812 cum
1376 1765 1477 1811 oleo
1517 1770 1788 1811 conteratur

136 1850 160 1887 3
193 1846 333 1900 atque
378 1838 486 1885 inde
534 1838 750 1886 derasum
803 1843 943 1898 caput
995 1838 1267 1898 frequenter
1313 1841 1529 1896 ungatur.
1603 1833 1788 1895 Capillis
1896 1884 1898 1887 ¹

192 1909 433 1970 nigrandis
471 1909 661 1955 infectio
699 1910 891 1970 optima:
950 1906 1267 1954 Hirundinum
1312 1912 1518 1966 stercus,
1565 1912 1789 1965 quantum
1813 1915 1853 1945 20

195 1979 415 2042 sufficiat,
462 1993 569 2025 cum
616 1980 735 2025 aceti
773 1979 975 2024 sextario
1013 1978 1144 2023 mitte
1183 1977 1231 2022 in
1268 1989 1347 2020 vas
1385 1973 1526 2020 fietile
1565 1979 1703 2035 atque
1741 1975 1790 2019 in

195 2049 303 2094 fimo
350 2047 576 2094 caballino
621 2063 706 2109 per
753 2048 852 2094 dies
897 2045 1064 2092 XXXV
1108 2045 1357 2092 suffossum
1402 2043 1571 2089 habeto
1619 2058 1670 2089 ac
1724 2044 1789 2089 sic

196 2123 430 2164 macerato
469 2123 609 2179 atque
647 2117 735 2164 hoc
774 2117 1112 2164 medicamento
1151 2129 1306 2161 rasum
1346 2120 1485 2174 caput
1522 2112 1704 2158 inlinito
1743 2114 1790 2158 in

197 2187 362 2235 umbra
405 2202 490 2249 per
535 2187 804 2248 peniculum
842 2189 1049 2248 pictoris.
1118 2184 1209 2231 Sed
1247 2198 1355 2230 sevo
1394 2184 1580 2229 cervino
1627 2183 1788 2228 faciem

197 2259 329 2319 prius
367 2271 592 2320 perunge,
631 2271 689 2304 ne
728 2257 839 2318 quid
876 2256 984 2302 inde
1022 2253 1224 2301 destillet
1262 2258 1308 2299 et
1343 2251 1565 2314 maculet,
1605 2258 1651 2298 et
1681 2251 1791 2298 dum
1815 2262 1855 2293 25

200 2329 403 2374 siccatur
439 2327 651 2389 infectio,
690 2327 844 2373 oleum
881 2327 1002 2372 intra
1042 2339 1092 2370 os
1131 2329 1302 2384 tenete,
1343 2336 1401 2368 ne
1440 2328 1487 2368 et
1524 2321 1687 2367 dentes
1725 2323 1791 2366 in-

201 2398 438 2459 ficiantur,
477 2411 529 2443 ac
565 2402 812 2459 postquam
851 2395 1134 2455 imposueris
1171 2392 1472 2451 medicamen,
1516 2397 1680 2452 quarto
1720 2391 1792 2436 die

146 2475 172 2512 4
204 2473 343 2526 caput
380 2466 542 2513 lavato.
609 2466 812 2512 Medium
856 2464 1055 2526 lapidem
1098 2463 1326 2509 conterito
1365 2463 1501 2522 eique
1540 2459 1792 2507 admisceto

202 2536 338 2581 nardi
381 2538 489 2596 puri
535 2543 758 2597 quantum
806 2536 916 2581 satis
962 2532 1215 2594 videbitur,
1269 2545 1360 2592 quo
1404 2530 1708 2576 medicamine
1755 2531 1795 2576 si

200 2605 474 2666 frequenter
498 2612 638 2666 caput
660 2619 853 2667 unguas,
884 2601 1154 2664 prohibebis
1185 2615 1324 2648 canos
1348 2602 1476 2647 nasci
1499 2606 1546 2646 et
1568 2602 1615 2646 in
1639 2599 1793 2646 locum
1816 2610 1857 2641 30

315 2757 368 2795 29
399 2767 427 2795 a
457 2752 679 2796 videbitur
709 2752 911 2796 vocabulo
940 2751 1069 2794 codex
1098 2762 1251 2792 rursus
1280 2748 1452 2802 incipit.
1538 2753 1591 2790 30
1614 2760 1791 2802 ungeas.
