1898 3016
71 253 121 291 61

70 463 124 500 62

764 143 828 149 —
905 115 1006 165 164
1080 91 1179 150 -’

155 243 291 291 Cervi
326 242 572 304 pulmones
611 256 719 289 cum
757 244 855 290 suis
893 243 1250 304 gurgulionibus
1287 245 1481 306 virgulis
1511 252 1670 292 tensos
1701 248 1751 293 in

154 313 302 374 sumo,
347 312 495 359 donec
541 319 777 376 arescant,
829 313 1063 373 suspende
1109 320 1155 360 et
1200 328 1255 359 ex
1299 313 1373 360 his
1417 314 1591 376 aliquid
1642 330 1749 362 con·

153 389 314 429 tusum
351 383 611 443 tritumque
651 381 900 442 diligenter
937 382 1118 429 adiecto
1157 382 1293 430 melle
1324 383 1580 445 ecligmatis
1611 385 1747 431 modo

153 452 355 514 pthisico
395 451 514 515 dato,
554 466 694 512 quem
732 454 887 498 sanari
917 454 1141 499 citissime
1171 453 1310 500 voles.
1366 452 1560 500 Lacerta
1589 455 1751 501 viridis

101 569 108 574 ,
152 523 255 568 viva
291 523 434 568 missa
470 522 519 567 in
557 536 636 567 vas
674 522 814 568 fictile
853 536 1023 568 novum
1061 529 1108 569 et
1144 537 1251 569 cum
1285 524 1382 569 vini
1411 521 1459 569 8
1491 523 1644 570 tribus
1675 524 1750 570 de·
1774 539 1794 571 5

70 672 121 710 63

69 811 124 849 64

70 1159 123 1198 65

71 1440 124 1478 66

70 1649 122 1688 67

73 2068 125 2106 68

73 2207 125 2245 69

153 598 285 639 cocta
323 591 380 638 ad
418 590 636 653 cyathum
673 606 821 638 unum
857 591 1197 639 incredibiliter
1234 592 1433 654 pthisico
1467 593 1672 655 prodest,
1711 595 1751 640 si

153 676 210 708 ex
248 676 302 708 eo
340 662 447 707 vino
485 674 619 707 mane
656 662 844 708 ieiunus
882 660 1010 708 bibat
1041 661 1250 709 cocleare
1282 677 1440 709 unum.
1488 662 1579 716 Qui
1607 662 1752 724 pthisi

153 730 395 793 laborabit,
425 730 547 776 laser
577 732 743 777 tritum
773 733 822 778 in
852 745 971 793 aqua
1001 732 1156 793 tepida
1184 733 1370 779 ieiunus
1395 732 1587 779 cottidie
1609 731 1752 795 bibat,

152 807 371 862 potenter
394 800 743 848 remediabitur.
794 800 998 848 Cancros
1022 803 1228 848 marinos
1251 803 1420 863 impari
1449 816 1645 848 numero
1678 817 1752 848 ex-

152 877 285 918 ustos
331 870 403 917 vel
450 871 604 917 aridos
650 873 789 918 tritos
835 881 882 918 et
923 870 1062 918 bacas
1110 871 1292 918 laureas
1339 873 1508 933 impari
1555 886 1750 919 numero
1775 887 1815 918 10

152 942 288 987 tritas
334 940 515 986 adiecto
559 940 695 987 melle
741 947 881 1002 atque
926 941 1060 1003 adipe
1105 944 1321 988 anserina
1358 943 1553 988 remissa
1592 943 1753 1003 aequis

152 1009 441 1072 ponderibus
487 1012 707 1057 universa
751 1012 982 1072 permixta
1029 1025 1171 1058 unum
1218 1026 1389 1073 corpus
1434 1011 1576 1058 facies
1613 1018 1752 1073 atque

155 1079 413 1142 aequaliter
458 1079 506 1125 in
552 1080 800 1127 duodecim
843 1086 1002 1141 partes
1046 1081 1224 1127 divides
1268 1088 1315 1128 et
1358 1083 1404 1127 in
1444 1080 1548 1127 cibo
1589 1088 1668 1128 aut
1705 1083 1754 1127 in

154 1152 344 1211 potione
388 1148 620 1196 laboranti
661 1149 864 1211 pthisico
902 1149 1054 1211 dabis,
1099 1152 1217 1196 mire
1256 1150 1479 1212 proderit.
1553 1149 1647 1196 Ova
1683 1152 1751 1196 in-

153 1226 286 1267 cocta
332 1219 424 1265 duo
470 1220 520 1266 in
565 1219 707 1266 calice
753 1219 984 1266 diffundes
1032 1225 1079 1266 et
1116 1220 1247 1267 deice
1285 1220 1375 1267 olei
1412 1221 1577 1281 optimi
1614 1214 1676 1286 „9³
1714 1219 1817 1267 1115

154 1295 202 1336 et
247 1290 475 1349 axungiae
521 1291 864 1336 vetustissimae
908 1290 958 1335 in
1002 1289 1141 1336 trulla
1186 1290 1242 1336 ad
1287 1289 1482 1337 calidam
1529 1292 1753 1336 remissae

155 1353 217 1426 ‘9‘
249 1359 291 1405 ΙΙ
329 1366 376 1405 et
414 1360 643 1419 coagitato
692 1374 745 1405 ac
790 1360 1076 1421 permixtum
1116 1360 1318 1420 pthisico
1363 1359 1573 1421 tepidum
1619 1362 1751 1406 cotti-

156 1429 231 1476 die
255 1429 312 1476 da
334 1428 605 1491 bibendum,
636 1429 785 1476 donec
817 1435 1022 1492 sanetur,
1050 1429 1181 1476 valde
1211 1430 1436 1491 proderit.
1488 1428 1578 1483 Qui
1608 1429 1754 1490 pthisi

154 1499 451 1561 adficiuntur,
481 1500 714 1545 maritima
743 1498 845 1545 loca
875 1500 1022 1545 vitare
1053 1499 1227 1546 debent
1257 1506 1395 1561 atque
1423 1498 1517 1545 illic
1540 1501 1753 1561 maxime,

154 1569 235 1615 ubi
272 1570 352 1630 pix
383 1568 644 1631 conficitur,
680 1570 960 1615 commorari
989 1568 1149 1630 ibique
1180 1569 1442 1616 coclearum
1475 1583 1615 1615 carne
1646 1584 1753 1616 cum
1777 1585 1817 1615 20

153 1640 260 1685 vino
305 1644 606 1685 excoctarum
651 1639 844 1686 adsidue
890 1640 1028 1685 vesci.
1100 1638 1259 1686 Picem
1302 1653 1615 1700 praecoquam
1657 1640 1752 1685 sive

155 1723 295 1771 quam
339 1709 569 1755 viscosam
616 1715 782 1755 vocant
826 1715 873 1755 et
909 1707 1147 1755 rubricam
1186 1708 1464 1772 Scythicam,
1501 1722 1639 1769 quam
1678 1708 1755 1754 alii

153 1778 518 1841 pissasphaltum
554 1784 736 1841 vocant,
774 1793 882 1825 cum
912 1779 1011 1825 sevi
1041 1780 1218 1825 cervini
1246 1779 1435 1825 remissi
1464 1777 1628 1839 cyatho
1661 1793 1753 1824 uno

155 1855 202 1895 et
230 1848 364 1895 lactis
395 1847 561 1895 bubuli
592 1847 664 1894 vel
694 1848 820 1895 ovilli
849 1849 951 1910 pari
981 1862 1216 1911 mensura,
1247 1849 1288 1894 si
1312 1850 1416 1910 quis
1446 1849 1538 1894 iam
1568 1848 1750 1908 pericli-

154 1920 273 1965 tanti
317 1917 518 1980 pthisico
564 1919 614 1964 in
658 1923 773 1980 potu
818 1917 891 1964 vel
935 1919 985 1964 in
1026 1917 1131 1964 cibo
1169 1918 1361 1965 cottidie
1399 1917 1598 1979 dederit,
1637 1919 1751 1964 mire
1774 1931 1815 1962 25

155 1989 200 2035 ei
237 1987 494 2034 subveniet.

295 2057 399 2104 Mus
443 2057 575 2118 gliris
620 2057 870 2118 degluptus
923 2064 969 2104 et
1020 2073 1128 2104 cum
1179 2058 1280 2104 oleo
1326 2072 1378 2103 ac
1431 2056 1524 2102 sale
1573 2063 1754 2102 assatus

155 2126 493 2189 pleumoniacis
531 2126 605 2173 vel
642 2128 866 2189 empyicis
904 2127 1008 2174 cibo
1046 2127 1181 2174 datus
1220 2129 1335 2174 mire
1379 2128 1635 2187 succurrit3
1674 2140 1753 2172 eos

159 2211 368 2259 quoque,
408 2198 490 2258 qui
525 2196 777 2258 purulenta
815 2203 1048 2259 excreant,
1087 2197 1330 2244 celerrime
1368 2201 1511 2242 sanat.
1577 2194 1753 2241 Marru-

157 2267 225 2314 bii
260 2267 424 2314 viridis
461 2266 739 2313 fasciculum
776 2273 823 2313 et
860 2266 1120 2314 ambrosiae
1154 2266 1427 2314 fasciculum
1465 2271 1511 2311 et
1541 2263 1753 2312 abrotani
1776 2280 1816 2310 30

157 2336 434 2384 fasciculum
464 2338 597 2383 mitte
628 2339 677 2383 in
708 2336 845 2383 ollam
876 2337 1175 2383 semodialem
1204 2350 1368 2382 novam
1404 2341 1451 2381 et
1480 2335 1575 2380 vini
1598 2332 1645 2380 8
1671 2334 1754 2381 1111

158 2413 206 2453 et
242 2407 452 2468 decoque
490 2406 547 2453 ad
585 2408 862 2468 sextarium,
900 2413 1000 2453 tum
1039 2408 1245 2467 exprime
1283 2405 1450 2451 herbas
1488 2411 1534 2450 et
1571 2404 1670 2450 cola
1709 2413 1755 2451 et

271 2546 296 2582 3
328 2540 567 2595 eligmatis.
689 2545 716 2582 4
744 2539 951 2595 tphisico.
1075 2544 1098 2581 7
1129 2539 1281 2594 tphisi.
1412 2543 1461 2579 11
1494 2538 1646 2593 atque]
1679 2540 1753 2581 ad-

156 2597 289 2638 iecto.
421 2601 473 2638 13
505 2597 758 2639 duodecem.
890 2600 943 2638 14
979 2595 1183 2650 tphisieo.
1322 2599 1370 2636 15
1403 2593 1607 2636 difundes
1639 2596 1751 2648 (sic>;

157 2665 218 2693 an
248 2651 489 2694 defundes?
621 2657 672 2694 16
702 2651 983 2695 vetussimae.
1107 2656 1157 2693 17
1186 2650 1389 2705 tphisieo.
1519 2654 1569 2691 18
1599 2651 1752 2704 tphisi.

157 2711 211 2750 23
242 2707 613 2762 pissasphaltum]
646 2707 843 2762 spaltica.
998 2711 1051 2749 28
1082 2706 1401 2761 pleumoniacis
1431 2705 1588 2760 scripsi
1615 2712 1665 2750 ut
1693 2711 1754 2749 est

156 2765 206 2806 in
234 2763 385 2806 titulo:
414 2763 756 2817 pleumoniticis.
873 2767 926 2805 29
957 2762 1159 2806 maruvii
