1930 3008
729 74 1109 124 —335—

122 202 316 266 lepidoS,
355 202 631 266 chalcanthi,
669 198 991 265 <stypteriae>
1030 202 1251 265 schisteS,
1291 203 1406 251 haec
1444 206 1554 252 trita
1590 220 1717 252 men-

122 275 248 321 suris
292 272 484 334 paribus
524 272 651 320 melli
688 273 961 334 despumato
998 274 1141 319 mixta
1178 273 1234 319 ad
1275 288 1410 321 usum
1448 274 1717 322 huiusmodi

121 342 447 390 servabuntur.

261 413 329 459 Ad
362 414 620 475 syringium
650 413 909 460 remedium
940 413 1124 460 efficax:
1155 412 1311 460 Olivae
1336 414 1584 461 medullam
1608 430 1715 462 cum
1747 423 1801 462 52

76 495 98 528 ὅ
121 484 298 530 semine
337 497 506 530 avenae
542 484 703 544 aequis
732 482 1029 544 portionibus
1061 491 1186 530 teres
1216 489 1262 530 et
1290 483 1530 545 pulverem
1562 487 1715 546 ipsum

120 567 239 614 aqua
285 553 474 600 caelesti
517 567 801 614 consperges
846 553 1082 614 faciesque
1128 568 1182 600 ex
1229 568 1283 600 eo
1334 554 1542 616 collyria,
1597 570 1716 617 quae

119 622 302 670 fistulae
339 625 416 669 ani
452 624 564 669 inici
594 625 789 686 possint,
826 637 943 684 quae
981 637 1066 684 per
1095 623 1305 670 triduum
1336 626 1505 671 iniecta
1536 625 1715 672 fistulas

119 694 168 739 in
211 693 444 754 profundo
487 694 666 754 positas
710 693 834 739 foras
884 693 1170 756 producent,
1221 701 1274 741 ut
1326 700 1489 755 postea
1533 697 1715 757 possint

118 761 424 809 medicamine
462 762 638 808 leniore
677 764 844 809 sanari.

56 844 97 875 ιο
259 831 537 878 Intestinum
565 837 826 878 extremum
851 832 1022 893 quibus
1044 835 1280 894 prominet
1303 839 1350 880 et
1372 834 1570 897 excedit,
1603 849 1714 896 quo·
1746 842 1798 880 53

117 903 240 949 tiens
270 903 569 965 processerit,
599 903 772 949 totiens
802 903 908 948 vino
940 902 1103 966 calido,
1134 904 1182 949 in
1214 917 1305 965 quo
1336 903 1482 950 herba
1513 904 1715 951 verbena

117 977 249 1019 cocta
287 972 451 1034 fuerit,
489 972 691 1019 admixto
730 973 861 1018 tenui
897 971 1036 1019 lixivo
1074 972 1217 1019 lavari
1257 973 1504 1034 oportebit.
1572 974 1714 1021 Prod-

117 1047 190 1088 est
227 1048 273 1088 et
308 1041 421 1088 illud
462 1043 564 1102 pice
601 1042 774 1103 liquida
812 1056 1110 1103 perunguere
1157 1049 1202 1089 et
1243 1045 1310 1090 sic
1347 1045 1604 1090 introrsum
1643 1059 1714 1091 re-

117 1111 248 1174 pelli3
285 1111 404 1158 bene
443 1111 551 1158 facit
588 1112 644 1158 ad
681 1111 770 1158 hoc
809 1118 852 1159 et
889 1113 1008 1158 cinis
1040 1127 1093 1158 ex
1127 1120 1362 1160 sarmento
1393 1113 1544 1161 factus
1574 1120 1714 1176 atque

54 1192 96 1223 1⁵
119 1181 353 1228 cribratus
391 1182 639 1243 siccusque
676 1183 941 1244 inspersus3
985 1181 1170 1228 alumen
1209 1197 1395 1244 quoque
1434 1185 1595 1230 fissum
1632 1186 1714 1231 tri-

118 1257 216 1297 tum
255 1251 406 1298 eidem
443 1250 545 1298 loco
583 1253 852 1313 impositum
891 1251 1145 1313 plurimum
1185 1253 1390 1314 prodest.

743 1403 867 1452 CAP.
905 1403 1088 1452 XXXII.

113 1491 383 1536 Panieulis
431 1489 489 1535 *et
538 1492 848 1546 inguinibus
901 1496 956 1536 et
1005 1493 1428 1547 intertriginibus
1478 1495 1714 1538 remedia

182 1563 403 1617 physica.
439 1565 495 1605 et
527 1562 863 1605 rationabilia
899 1563 1110 1606 diversa
1147 1565 1214 1606 de
1253 1564 1648 1618 experimentis.

253 1669 489 1731 Malagma,
528 1669 650 1730 quod
688 1669 881 1716 discutit
918 1676 1134 1734 strumas,
1170 1672 1421 1734 parotidas,
1457 1671 1712 1736 paniculas,
1745 1684 1764 1721 1

115 1754 231 1801 quas
270 1739 435 1786 Graeci
472 1738 720 1800 phygethla
752 1746 938 1803 vocant,
977 1755 1140 1787 omnes
1171 1755 1358 1802 quoque
1388 1742 1571 1788 futuras
1602 1757 1711 1803 sup-

115 1811 387 1870 purationes
426 1809 673 1871 dispergit,
720 1809 865 1856 factas
902 1824 1012 1856 vero
1050 1812 1220 1873 aperit,
1260 1811 1371 1858 facit
1409 1817 1455 1858 et
1492 1812 1546 1858 ad
1586 1811 1711 1858 dolo-

49 1889 92 1919 20
115 1893 214 1925 rem
252 1878 712 1925 articulamentorum
751 1881 956 1926 omnium
995 1887 1042 1926 et
1077 1882 1417 1944 iuncturarum,
1458 1883 1711 1943 praecipue

113 1949 168 1995 ad
207 1948 473 1995 lumborum
508 1947 715 1994 dolorem
754 1955 892 2011 atque
930 1949 1215 1996 inflationem
1248 1951 1475 1998 stomachi
1506 1952 1577 1998 vel
1607 1952 1711 2014 coli,

113 2019 360 2065 conficitur
399 2019 486 2065 sic:
523 2017 647 2064 Picis
677 2017 922 2081 Hispanae,
960 2019 1234 2082 aphronitri,
1272 2022 1455 2067 resinae
1491 2022 1711 2084 pityinae,

111 2102 268 2150 cerae,
312 2087 432 2134 lauri
470 2087 713 2150 bacarum,
760 2089 1049 2149 singulorum
1089 2090 1304 2137 denarios
1343 2089 1523 2154 XXXV,
1561 2091 1711 2152 adipis

111 2159 286 2205 taurini
323 2157 362 2204 X
402 2156 495 2220 XV,
540 2159 852 2205 ammoniacae
891 2165 1049 2219 guttae
1087 2159 1127 2206 X
1164 2159 1257 2222 XV,
1295 2162 1379 2207 iris
1410 2160 1450 2206 X
1487 2160 1580 2223 XV,
1618 2161 1710 2222 gal-

47 2236 88 2268 25
111 2227 221 2274 bani
257 2227 297 2273 X
326 2227 420 2289 XV,
457 2229 634 2289 piperis
672 2227 765 2274 albi
803 2228 841 2274 X
871 2228 921 2275 V.
974 2228 1101 2283 Quae
1132 2229 1304 2277 debent
1334 2230 1580 2294 liquefieri,
1619 2230 1709 2276 dis-

113 2297 356 2344 solvuntur
399 2300 507 2358 igne
545 2303 592 2344 et
629 2297 730 2344 oleo
769 2300 935 2359 exiguo
982 2298 1248 2362 diluuntur,
1294 2305 1448 2346 cetera
1490 2306 1624 2347 tunsa
1663 2306 1710 2347 et

114 2367 315 2414 cribrata
352 2367 471 2414 bene
509 2374 824 2428 asperguntur
862 2371 1039 2430 tepenti
1075 2370 1429 2432 medicamento,
1468 2370 1591 2432 quod
1628 2370 1708 2416 diu

114 2436 328 2496 agitando
364 2439 612 2500 miscetur,
650 2438 816 2485 deinde
855 2439 1070 2486 manibus
1109 2439 1357 2504 subigitur,
1395 2446 1448 2487 ut
1483 2440 1708 2501 malagma

114 2507 459 2554 exactissimum
498 2508 590 2554 fiat.

255 2617 276 2652 1
310 2612 637 2656 calchanthum.
711 2615 952 2668 stypteriae
983 2616 1149 2659 addidi.
1232 2616 1408 2658 chistes.
1487 2621 1513 2658 3
1538 2630 1566 2658 a
1586 2629 1708 2659 voea-

35 2688 40 2692 ·
112 2668 211 2710 bulo
243 2669 533 2711 servabuntur
562 2672 692 2713 codex
721 2672 863 2723 deficit
884 2685 1015 2726 usque
1039 2673 1097 2713 ad
1119 2685 1151 2713 c.
1170 2671 1367 2724 XXXIII,
1383 2676 1450 2715 45.
1554 2677 1605 2714 10
1637 2685 1708 2714 ex-

113 2723 254 2777 cedet,
279 2725 457 2767 correxi.
519 2729 570 2767 18
593 2726 839 2780 phygethla
861 2727 1127 2782 Stephanus:
1153 2727 1431 2782 phygethlon
1455 2727 1706 2772 GornariuS.
