1930 3008
757 91 1135 142 —303-

147 228 256 285 tem,
284 234 467 283 myrrae
503 220 669 266 unciae
708 219 1034 282 quadrantem,
1072 221 1226 281 spicae
1264 220 1398 267 nardi
1434 220 1619 268 Indicae
1656 237 1740 269 un-

145 292 244 340 ciae
275 295 547 352 sextantem,
589 290 685 350 opii
721 290 886 336 unciae
925 288 1243 350 quadrantem,
1282 291 1410 337 croci
1441 293 1741 356 semunciam,

142 361 319 423 piperis
356 359 482 421 longi
519 359 826 420 semunciam,
863 359 1039 420 piperis
1077 360 1201 420 nigri
1238 361 1544 423 semunciam,
1582 367 1740 422 petro-

145 429 270 477 silini
311 455 370 463 —
405 429 438 491 1,
475 428 773 492 schoeni—
802 427 834 474 Ι.
895 427 1019 475 Haec
1057 430 1210 475 omnia
1241 434 1437 476 contusa
1467 444 1574 476 cum
1605 429 1741 477 melle

101 499 338 546 5decocto
382 499 662 560 miscentur,
707 497 845 544 datur
891 511 947 544 ex
991 497 1080 544 hoc
1124 498 1463 546 medicamento
1516 508 1741 560 quantum

144 583 239 616 nux
278 567 481 615 avellana
518 581 574 614 ex
611 568 731 613 meri
768 567 945 628 cyathis
984 572 1219 630 quattuor,
1257 568 1381 629 quod
1419 574 1466 615 et
1503 570 1618 629 ipsis
1647 570 1740 630 pri-

144 640 233 684 mis
278 636 518 684 doloribus
559 642 606 683 et
642 636 940 697 postmodum
977 637 1192 700 prodest,
1236 637 1284 683 id
1322 643 1394 684 est
1431 638 1739 685 medicamen·

143 713 245 754 tum
289 713 448 753 ceroto
497 720 554 752 ex
589 705 880 752 malobathro
919 706 1039 752 facto
1077 706 1258 753 duabus
1295 706 1507 768 partibus
1543 710 1741 754 mixtum

145 782 192 823 et
227 781 378 823 totum
409 781 539 822 extra
569 775 824 835 inpositum
855 776 904 820 in
934 781 1096 822 ventre
1127 775 1382 837 plurimum
1413 778 1551 824 iuvat.
1603 776 1739 823 Prae-

14 875 15 878 =
81 859 123 890 ιο
145 850 272 892 terea
316 844 435 891 bene
482 844 593 890 facit
637 850 683 890 et
727 844 782 890 ad
822 844 1051 891 stomachi
1087 844 1374 892 inflationem
1411 852 1458 892 et
1495 846 1551 892 ad
1590 847 1740 906 suspi-

143 916 266 961 rium
311 922 357 960 et
401 913 457 960 ad
502 914 723 960 iocineris
768 912 976 960 dolorem
1021 919 1068 960 et
1112 914 1168 960 ad
1214 920 1391 961 tussem
1439 920 1486 961 et
1530 915 1587 961 ad
1624 929 1741 962 uvae

105 1031 108 1034 ,
144 982 516 1031 destillationem.
582 982 634 1028 In
679 982 766 1029 hac
804 984 1126 1043 conpositione
1164 983 1339 1030 Acilius
1376 983 1587 1046 Hyginus
1625 983 1740 1045 Cap-

143 1053 294 1114 padox
332 1052 582 1113 chirurgus
619 1051 791 1098 Romae
835 1052 947 1099 dicit
984 1052 1161 1099 adiecta
1203 1055 1352 1099 casiae
1393 1053 1596 1116 fistulae,
1634 1055 1741 1116 apii,

146 1124 347 1169 cinnami
391 1123 518 1182 paria
564 1122 770 1181 pondera
814 1127 861 1168 et
896 1136 982 1182 pro
1019 1123 1181 1182 pipere
1220 1124 1353 1183 nigro
1392 1122 1546 1169 album
1585 1129 1632 1170 et
1669 1137 1741 1170 ca-

84 1205 124 1237 15
149 1193 292 1238 storei
328 1192 483 1237 minus
521 1196 699 1252 partem
737 1193 925 1237 tertiam
961 1192 1214 1255 victoriati,
1261 1191 1385 1252 quod
1424 1194 1490 1238 sic
1529 1194 1740 1253 conposi-

146 1267 245 1308 tum
290 1261 486 1307 mirifice
531 1260 642 1306 facit
685 1266 733 1306 et
770 1256 895 1322 <ad>
935 1262 1174 1321 sanguinis
1220 1262 1515 1322 eruptionem
1553 1261 1609 1307 de
1649 1268 1741 1308 sto-

146 1330 310 1377 macho
347 1336 584 1390 corrupto.

286 1399 439 1446 Colice
487 1398 682 1445 mirifica
727 1397 832 1444 Iulii
875 1398 1008 1444 Bassi
1051 1400 1143 1445 cito
1181 1398 1324 1461 levat,
1370 1399 1476 1445 dein
1514 1398 1636 1446 tollit
1672 1401 1738 1445 in·

147 1468 359 1515 flationes
389 1467 479 1515 coli
509 1474 555 1515 et
585 1469 735 1514 omnis
764 1470 911 1528 partis
942 1470 1174 1531 corporis3
1204 1468 1314 1515 facit
1344 1474 1391 1515 et
1424 1469 1480 1514 ad
1513 1468 1740 1515 stomachi

84 1552 126 1582 20
147 1537 486 1593 imbecillitates
530 1542 577 1583 et
620 1537 678 1584 ad
722 1538 1054 1584 intestinorum
1098 1537 1271 1598 alioqui
1316 1537 1545 1600 dolorem,
1599 1552 1739 1599 quem

147 1607 311 1654 Graeci
355 1606 598 1668 strophum
643 1606 895 1670 appellant,
940 1621 995 1653 ex
1039 1621 1158 1667 aqua
1201 1607 1430 1668 hysopum
1469 1613 1548 1654 aut
1585 1614 1739 1654 rutam

145 1678 375 1723 incoctam
411 1675 625 1723 habente.
680 1675 797 1722 Item
826 1675 945 1722 bene
975 1676 1086 1722 facit
1116 1676 1172 1722 ad
1204 1678 1478 1737 sanguinem
1508 1682 1554 1723 et
1585 1691 1641 1723 ex
1670 1678 1738 1723 in·

145 1747 319 1793 teriore
356 1751 510 1808 parte3
548 1759 642 1791 non
680 1747 804 1791 enim
833 1747 1009 1806 patitur
1038 1745 1129 1792 late
1159 1746 1262 1793 fieri
1291 1761 1378 1792 nec
1409 1747 1537 1792 intus
1568 1746 1738 1792 vulnus

147 1817 370 1875 converti,
408 1814 489 1860 sed
527 1820 574 1861 et
611 1816 702 1861 cito
742 1816 991 1875 supprimit
1028 1817 1302 1876 sanguinem
1334 1821 1382 1862 et
1411 1815 1580 1862 vulnus
1613 1817 1738 1876 cogit

84 1896 125 1927 25
147 1885 286 1931 coire.
342 1883 553 1929 Dandum
590 1889 744 1930 autem
783 1883 856 1930 his
893 1884 1283 1931 medicamentum
1321 1899 1377 1931 ex
1414 1899 1532 1945 aqua
1563 1884 1739 1945 polium

148 1959 333 2000 coctum
363 1951 563 1999 habente
595 1959 674 1999 aut
706 1958 871 2000 rutam.
919 1953 1117 2000 Prodest
1140 1959 1187 1999 et
1209 1955 1479 2000 torminosis
1505 1960 1552 2000 et
1574 1953 1739 2000 coelia-

148 2024 216 2070 cis
253 2022 412 2068 datum
443 2036 498 2068 ex
528 2037 647 2083 aqua
678 2022 1010 2070 centunculum
1039 2022 1231 2069 herbam
1263 2025 1494 2070 incoctam
1524 2022 1740 2085 habente,

148 2105 286 2153 quam
325 2090 488 2137 Graeci
525 2091 799 2152 gnaphalida
837 2093 1017 2154 dicunt,
1060 2098 1140 2139 aut
1178 2094 1315 2140 etiam
1354 2092 1505 2139 sorbis
1542 2095 1739 2139 incoctis

149 2167 228 2208 aut
273 2160 460 2222 Syriaca
498 2160 678 2222 siliqua.
752 2161 963 2207 Lienosis
1009 2161 1146 2208 datur
1191 2176 1246 2208 ex
1291 2162 1441 2208 mulso
1485 2162 1558 2207 vel
1601 2176 1739 2222 passo

289 2284 310 2320 1
343 2279 502 2322 mirrae
538 2281 588 2322 in
622 2293 757 2334 mary.
796 2281 922 2330 add.,·
965 2281 1058 2322 eius
1093 2282 1143 2322 in
1181 2281 1271 2323 loco
1308 2285 1369 2323 est
1404 2282 1454 2322 in
1489 2285 1611 2322 teaetu
1649 2280 1740 2334 opii

148 2336 260 2388 quod
289 2336 433 2377 delevi.
507 2335 655 2389 spicae
676 2335 805 2377 nardi
827 2334 1003 2377 Indicae
1026 2336 1181 2378 unciae
1204 2338 1254 2378 in
1276 2349 1446 2379 rasura.
1527 2341 1553 2376 4
1576 2337 1737 2378 scoeni.

151 2394 175 2430 5
204 2390 588 2433 medicamentum.
698 2396 721 2434 7
752 2392 963 2434 vocabula
991 2391 1038 2432 id
1069 2395 1135 2434 est
1165 2397 1369 2445 corrupta
1398 2404 1484 2434 esse
1511 2392 1714 2434 videntur
1722 2409 1739 2444 ,-

150 2445 250 2497 fort.
279 2458 358 2487 scr.
389 2446 506 2488 idem
534 2447 647 2489 med.
815 2451 865 2487 10
894 2445 1134 2489 inflatione.
1291 2453 1340 2489 12
1374 2446 1738 2500 conpositionem.

153 2504 204 2541 13
235 2500 363 2556 dicit]
391 2503 519 2544 verba
548 2515 656 2556 quae
685 2506 922 2556 sequwntur
951 2503 1128 2545 turbata
1157 2515 1242 2544 esse
1269 2504 1482 2545 videntur.
1558 2507 1608 2544 16
1640 2515 1737 2544 eru-

150 2555 314 2609 ptione.
443 2562 494 2599 18
526 2558 671 2600 Colice
701 2556 907 2612 mirifica]
945 2558 1068 2600 Haec
1097 2559 1214 2601 Iulii
1242 2558 1375 2600 Bassi
1405 2559 1533 2600 eolice
1561 2570 1649 2599 non
1677 2562 1738 2600 est

149 2612 200 2653 in
235 2612 394 2663 codice,
436 2613 485 2654 in
521 2626 602 2667 quo
640 2614 850 2656 vocabula
886 2614 939 2654 de
978 2614 1204 2656 stomacho
1243 2615 1448 2668 corrupto
1487 2615 1527 2665 (ἓ
1558 2617 1582 2655 5
1613 2614 1736 2666 eaetr.)

150 2667 310 2762 exe-ignit
339 2670 604 2777 εἵέπξῖείτίο,
638 2670 763 2711 cuius
792 2670 969 2711 initium
999 2673 1081 2712 est.-
1127 2670 1194 2710 Ad
1224 2669 1310 2712 coli
1341 2669 1538 2712 dolorem
1567 2667 1739 2711 faciunt

152 2736 225 2775 qm
260 2734 328 2763 em
472 2755 480 2764 .
