1898 3016
110 376 164 414 10

110 1002 160 1039 11

106 1837 159 1875 12

821 106 1157 155 ..18-

194 233 307 279 sitas
352 238 398 278 et
443 246 536 278 non
574 231 724 278 solum
761 234 976 295 antiquos
1015 240 1251 296 auctoreS,
1288 249 1372 296 per
1409 250 1525 297 quos
1570 251 1784 284 consum-

192 307 347 348 matur
391 302 641 364 professio,
680 302 866 363 quidam
904 305 1140 366 ignorant,
1190 304 1272 351 sed
1315 306 1452 352 etiam
1496 308 1787 353 comminisci

195 360 307 417 falsa
345 371 402 417 de
439 373 496 417 iis
534 372 719 419 audent.
786 372 875 418 Ubi
920 375 1043 420 enim
1084 373 1293 421 delectus
1329 388 1422 421 non
1459 381 1531 422 est
1566 390 1786 437 persona-

193 455 319 502 rum,
376 441 457 487 sed
503 441 666 488 eodem
711 442 848 488 modo
892 442 1042 489 malus
1086 442 1330 504 bonusque
1378 444 1595 508 habetur,
1648 445 1784 492 disci-

192 510 345 572 plinae
378 525 443 557 -ac
493 517 646 558 sectae
699 511 959 558 observatio
1011 514 1153 575 perit,
1207 514 1423 575 quodque
1475 516 1575 560 sine
1626 514 1784 561 labore
1807 529 1827 560 5

193 586 347 642 potest
378 582 649 641 contingere
680 581 898 642 idemque
923 581 1196 643 dignitatem
1220 590 1358 644 atque
1382 583 1629 631 utilitatem
1653 598 1784 645 prae-

194 655 318 697 stare
350 650 548 710 videtur,
579 650 626 696 id
656 665 780 697 unus
811 652 1009 712 quisque
1032 654 1179 713 magis
1203 655 1428 714 sequitur.
1483 653 1559 701 Sic
1583 659 1635 700 ut
1659 655 1784 715 quis-

194 734 283 780 que
329 719 474 782 volet,
519 720 658 766 faciet
701 721 991 767 medicinam.
1059 721 1293 776 Quosdam
1338 725 1460 770 enim
1503 738 1527 769 a
1565 737 1785 784 perverso

190 791 432 850 proposito
477 804 615 836 nemo
659 796 815 850 potest
850 804 1036 838 movere
1083 798 1130 838 et
1171 806 1280 838 sane
1319 792 1535 839 omnibus
1573 794 1787 853 permisit

190 858 390 905 liberum
423 859 668 906 arbitrium
699 860 969 920 magnitudo
998 861 1304 921 professionis
1335 864 1450 909 eius.
1502 862 1672 908 Multos
1702 863 1784 909 ita·
1808 877 1849 911 ιο

193 943 282 989 que
328 929 738 976 animadvertimus
783 931 924 976 unius
976 931 1259 978 infirmitatis
1311 932 1541 978 sanandae
1593 933 1786 978 scientia

193 998 363 1044 medici
386 998 574 1059 plenum
602 1013 772 1046 nomen
799 1007 1090 1046 consecutos.
1122 1000 1217 1047 Nos
1238 1015 1348 1047 vero
1372 1001 1427 1047 ab
1452 1003 1585 1048 initio
1609 1007 1786 1048 rectam

191 1069 310 1114 viam
357 1070 507 1114 secuti
544 1067 657 1114 nihil
696 1070 828 1130 prius
872 1069 962 1129 [in]
1002 1071 1147 1117 totius
1185 1072 1297 1116 artis
1328 1072 1650 1134 perceptione,
1695 1085 1787 1132 qua

191 1137 371 1183 homini
405 1139 710 1200 permittitur,
747 1138 1074 1199 iudicavimus,
1113 1141 1218 1200 quia
1257 1154 1311 1186 ex
1349 1140 1434 1186 hac
1473 1142 1625 1186 omnia
1663 1154 1785 1187 com-

189 1207 326 1253 moda
365 1214 702 1254 consecuturos
740 1222 826 1254 nos
857 1208 1254 1268 existimabamus,
1296 1223 1390 1255 non
1426 1210 1607 1256 medius
1645 1209 1782 1256 fidius
1806 1223 1847 1255 15

190 1283 283 1323 tam
335 1278 562 1336 pecuniae
615 1282 694 1323 aut
749 1276 923 1337 gloriae
976 1277 1231 1338 cupiditate
1284 1293 1421 1339 quam
1471 1281 1620 1339 ipsius
1671 1281 1785 1326 artis

192 1347 402 1392 scientia.
467 1345 684 1406 Magnum
731 1348 856 1393 enim
901 1353 947 1393 et
987 1362 1126 1408 supra
1165 1347 1368 1394 hominis
1403 1354 1617 1396 naturam
1654 1348 1784 1395 duxi-

188 1429 293 1462 mus
341 1430 478 1477 posse
525 1416 726 1476 aliquem
770 1418 895 1463 tueri
938 1417 1008 1463 vel
1053 1418 1317 1478 reciperare
1371 1432 1501 1464 suam
1555 1424 1600 1465 et
1644 1420 1785 1465 unius

190 1486 418 1546 cuiusque
463 1485 633 1531 bonam
676 1485 1003 1534 valetudinem.
1068 1485 1229 1547 Itaque
1274 1493 1327 1533 ut
1365 1489 1535 1534 ceteris
1572 1487 1784 1549 partibus

190 1554 485 1617 disciplinae,
530 1556 594 1601 ita
637 1554 747 1601 huic
787 1570 993 1617 quoque,
1041 1571 1158 1617 quae
1203 1571 1287 1617 per
1324 1556 1659 1603 medicamenta
1696 1560 1849 1604 vir-20

188 1630 337 1671 tutem
385 1638 515 1670 suam
554 1623 760 1687 exhibet,
814 1627 998 1671 curiose
1043 1627 1301 1672 institimus
1345 1640 1400 1671 eo
1447 1628 1615 1689 magis,
1660 1627 1784 1688 quod

190 1693 566 1755 pereipiebamus
605 1695 653 1739 in
691 1694 790 1740 dies
829 1709 884 1740 ex
923 1709 1010 1741 usu
1049 1696 1289 1755 profectus
1326 1697 1449 1757 eiius,
1488 1710 1604 1757 quos
1641 1697 1784 1742 inter-

192 1763 303 1810 dum
348 1778 489 1824 supra
534 1763 673 1811 fidem
729 1771 866 1824 atque
920 1766 1183 1825 opinionem
1236 1764 1544 1825 plurimorum
1596 1765 1783 1812 exhibe-

190 1832 368 1879 bamus.
419 1832 510 1879 Sed
543 1833 654 1894 quid
684 1833 806 1880 ultra
838 1848 956 1894 opus
991 1840 1062 1880 est
1084 1833 1283 1895 probare
1307 1836 1623 1881 necessarium
1646 1849 1784 1882 usum

191 1917 294 1949 esse
331 1903 800 1966 medicamentorum,
837 1905 1088 1964 praecipue
1125 1903 1232 1966 tibi,
1271 1906 1352 1965 qui
1389 1906 1496 1965 quia
1531 1906 1784 1966 percepisti
1806 1918 1846 1950 25

190 1970 439 2018 utilitatem
494 1987 685 2035 eorum,
737 1972 913 2019 idcirco
965 1988 989 2019 a
1041 1988 1114 2019 me
1166 1975 1510 2035 conpositiones
1563 1974 1783 2035 quasdam

188 2039 383 2103 petisti?
449 2041 547 2102 Ego
585 2049 740 2088 autem
778 2057 957 2089 memor
993 2043 1295 2090 humanitatis
1332 2051 1438 2090 tuae
1475 2044 1781 2104 candorisque

190 2113 332 2157 animi
377 2113 467 2174 tui,
513 2126 650 2172 quem
698 2112 913 2159 omnibus
960 2113 1149 2173 quidem
1192 2112 1458 2159 hominibus
1498 2112 1780 2175 plenissime,

188 2181 303 2227 mihi
334 2183 472 2227 etiam
502 2181 802 2241 peculiariter
831 2190 1055 2245 praestas,
1093 2196 1187 2228 non
1217 2182 1364 2228 solum
1396 2197 1512 2243 quae
1544 2182 1781 2229 desideras

188 2251 408 2314 remedia,
446 2265 608 2297 verum
647 2253 785 2298 etiam
824 2253 864 2298 si
902 2266 991 2313 qua
1030 2252 1115 2298 alia
1146 2252 1202 2298 de
1233 2253 1437 2312 expertis
1467 2254 1515 2298 in
1546 2254 1780 2312 praesenti
1802 2269 1843 2300 30

298 2417 321 2452 3
355 2413 407 2453 de
436 2413 512 2467 iis]
553 2413 636 2454 diis
669 2417 744 2454 Im
774 2414 918 2455 littera
947 2414 976 2455 h
1005 2427 1140 2467 supra
1168 2415 1342 2467 scripta.
1496 2418 1519 2455 6
1549 2413 1773 2468 idemque]

186 2470 231 2508 et
259 2467 304 2508 in
336 2481 435 2520 quo.
595 2468 829 2522 dignitatis
865 2483 904 2511 a.
933 2468 1152 2512 utilitatis.
1308 2474 1331 2511 7
1358 2472 1455 2522 post
1481 2468 1656 2510 videtur
1685 2471 1774 2512 cod.

185 2524 283 2564 add.
315 2522 508 2576 utilitas,
551 2524 788 2567 Cornarius
817 2524 1076 2578 aequalitas.
1241 2525 1322 2580 sic]
1355 2524 1444 2566 sed.
1600 2530 1625 2566 8
1655 2524 1777 2566 volet

186 2582 264 2620 Im
301 2578 395 2620 vult
425 2584 518 2622 2m.
714 2584 764 2622 15
801 2581 968 2622 medios
1005 2581 1144 2623 fidios.
1331 2585 1383 2622 18
1423 2579 1669 2633 reciperare
1701 2584 1776 2622 Im

182 2647 441 2687 recuperare
493 2640 584 2678 2m.
759 2641 809 2678 19
861 2636 1162 2679 valetudinem
1215 2640 1292 2678 Im
1341 2634 1628 2679 valitudinem
1680 2640 1773 2678 2m.

183 2694 234 2730 21
266 2689 506 2732 institimus
543 2696 567 2732 1
579 2705 618 2733 m
655 2690 927 2733 instituimus
957 2696 1049 2735 2m.
1193 2705 1243 2734 eo
1281 2705 1359 2734 om.
1503 2695 1556 2733 25
1595 2691 1670 2744 qui
1699 2695 1775 2732 Im

183 2758 295 2798 quae
325 2750 417 2789 2m.
