1898 3016
775 73 982 123 -203
1059 102 1119 108 —

151 202 290 264 aloeS,
314 201 516 250 absinthi
541 201 746 262 singulas
770 202 947 263 unciaS,
971 203 1168 248 storacis
1195 227 1255 235 —
1283 201 1324 247 ΙΙ
1342 201 1386 264 S,
1411 203 1539 249 croci
1563 228 1622 234 —
1643 201 1685 248 ΙΙ
1703 201 1749 264 S,

152 286 286 320 cerae
330 277 377 318 et
420 271 648 318 medullae
694 272 908 318 cervinae
954 271 1160 332 singulas
1205 270 1372 333 libras3
1425 278 1656 318 storacem
1702 277 1749 318 et

150 356 341 390 crocum
378 341 528 402 pridie
559 355 742 388 macera
773 342 878 387 vino
909 343 1057 387 veteri
1086 341 1296 388 infusum
1326 347 1374 387 et
1404 342 1472 388 sic
1503 341 1752 402 diligenter

151 419 272 473 tere,
315 410 566 457 medullam
612 417 659 457 et
702 425 859 457 ceram
903 412 1089 457 remitte
1127 412 1244 474 igni,
1291 416 1447 457 cetera
1485 418 1624 458 tunsa
1662 413 1751 457 cri-

107 494 131 527 5
154 481 377 542 brataque
416 481 554 527 simul
591 482 735 527 misce
774 487 822 527 et
859 487 1018 527 ceroto
1057 480 1395 542 superinfunde
1427 487 1474 527 et
1511 483 1560 527 in
1590 483 1751 542 panni-

151 551 255 599 culo
301 558 435 597 utere
481 551 537 596 ad
575 550 866 597 stomachum
916 549 1097 597 duabus
1135 550 1207 597 vel
1251 550 1404 597 tribus
1442 550 1572 597 horis
1618 557 1665 597 et
1711 552 1751 596 si

150 621 315 668 durius
358 620 594 666 videbitur
638 634 775 680 quam
821 634 925 666 esse
971 619 1132 681 debet,
1179 620 1331 666 oleum
1379 620 1626 667 nardinum
1670 626 1752 666 aut

150 690 416 752 gleucinum
454 689 549 736 illic
586 689 731 752 adice,
767 695 822 736 ut
851 689 1103 736 mollescat.
1154 688 1393 751 Hysopum
1424 697 1610 737 coctum
1642 704 1748 736 cum
1782 697 1834 735 70

150 759 349 822 oxymeli
385 761 573 806 ieiunus
610 759 682 805 vel
726 765 833 820 post
877 773 1041 805 cenam
1083 761 1163 820 qui
1208 774 1292 820 per
1330 759 1539 806 cocleare
1578 759 1749 806 cotidie

88 843 130 874 ιο
152 831 362 892 accipiet,
400 829 581 876 facilius
619 830 836 876 conficiet
873 828 1043 876 cibum.
1100 828 1321 875 Radicem
1352 829 1544 876 feniculi
1574 831 1621 875 in
1654 831 1751 875 vini
1781 837 1832 874 71

150 899 314 962 cyatho
353 899 502 946 radito
542 905 588 946 et
624 901 898 960 priusquam
938 913 1078 944 cenes
1108 898 1181 944 vel
1220 913 1328 945 cum
1359 899 1613 945 dormitum
1643 898 1748 961 ibis,

149 970 283 1031 potui
320 971 504 1031 sumit0,
541 983 633 1030 quo
671 969 793 1015 facto
831 968 997 1014 melius
1035 968 1232 1028 digeres.
1298 968 1486 1015 Laseris
1524 970 1622 1014 veri
1652 983 1748 1015 mo·
1780 975 1833 1012 72

150 1039 307 1085 dicum
344 1053 400 1084 ex
439 1053 584 1099 aquae
623 1039 815 1099 frigidae
853 1037 1018 1099 cyatho
1057 1037 1257 1084 dilutum
1296 1038 1551 1085 dormitum
1593 1041 1749 1085 iturus

150 1108 279 1171 bibe,
329 1108 633 1168 digestorium
682 1110 853 1154 mirum
899 1109 1171 1167 experieris.
1243 1107 1391 1153 Mellis
1440 1108 1581 1154 Attici
1627 1108 1675 1155 P.
1715 1107 1748 1170 I,
1782 1114 1833 1152 73

87 1190 128 1222 15
150 1178 409 1225 vettonicae
454 1180 591 1224 tritae
630 1203 695 1210 —
728 1176 812 1223 1111
863 1178 912 1222 in
957 1191 1102 1223 unum
1147 1178 1379 1238 permisce
1425 1185 1471 1223 et
1513 1192 1656 1239 pone,
1698 1183 1751 1224 ut

150 1248 438 1310 conferveat3
476 1247 600 1308 quod
639 1262 746 1294 cum
782 1247 1143 1309 refrigeraverit,
1184 1246 1327 1293 facies
1364 1247 1575 1307 pastillos
1613 1249 1748 1294 nucis

150 1317 380 1364 avellanae
432 1317 750 1378 magnitudine
798 1323 844 1363 et
894 1322 1001 1376 post
1059 1330 1220 1362 cenam
1275 1316 1483 1376 singulos
1538 1316 1748 1378 hauries3

152 1402 243 1448 quo
288 1386 409 1432 facto
454 1389 603 1449 prime
649 1385 883 1447 quoslibet
927 1399 1193 1446 concoques
1245 1385 1387 1432 cibos.
1460 1385 1577 1432 Item
1624 1386 1748 1433 aliud
1780 1391 1834 1430 74

150 1456 408 1503 embamma
445 1456 752 1517 digestorium
790 1457 1018 1516 optimum
1056 1461 1104 1500 et
1139 1455 1440 1502 utilissimum
1479 1458 1568 1503 sic:
1608 1455 1746 1516 Ligu-

88 1539 130 1570 20
153 1528 260 1572 stici
296 1527 419 1587 drag.
451 1525 549 1588 1111,
585 1525 841 1586 gingiberis
877 1522 1001 1583 drag,
1031 1523 1064 1587 Ι,
1101 1524 1363 1584 petrosilini
1395 1523 1518 1586 drag.
1549 1525 1582 1588 1,
1619 1527 1748 1587 pipe-

150 1598 216 1642 ris
261 1593 384 1656 drag.
423 1595 462 1655 I,
508 1595 731 1656 epithymi
776 1593 899 1656 drag.
936 1593 956 1639 Ι
1008 1602 1056 1640 et
1100 1593 1263 1640 laseris
1309 1595 1568 1655 scripulum
1613 1596 1747 1641 dimi-

151 1666 300 1728 dium3
331 1674 469 1712 tunsa
498 1665 613 1711 haec
644 1679 696 1710 ac
728 1665 976 1724 diligenter
1007 1663 1208 1710 cribrata
1238 1666 1432 1711 misceto
1465 1679 1572 1711 cum
1596 1679 1747 1726 passm

153 1735 251 1782 Hoc
290 1736 400 1781 facit
437 1741 484 1780 et
521 1734 577 1780 ad
616 1749 710 1796 eos,
749 1735 830 1794 qui
867 1733 1023 1780 cibum
1060 1740 1223 1780 tenere
1261 1749 1355 1780 non
1389 1741 1588 1795 possunt
1617 1749 1746 1781 eum-

153 1819 243 1866 que
280 1803 531 1850 vomitibus
568 1805 815 1865 reiectant3
853 1817 959 1850 mox
998 1817 1109 1864 ergo
1144 1803 1227 1849 ubi
1257 1803 1415 1850 cibum
1447 1806 1748 1866 sumpserint,

89 1887 130 1919 25
153 1874 259 1921 dato
297 1873 534 1935 pastillum
571 1873 627 1919 ad
664 1873 855 1919 modum
899 1875 1034 1919 nucis
1075 1872 1307 1919 avellanae
1345 1873 1402 1919 de
1442 1874 1748 1921 medicamine

153 1958 293 2006 supra
310 1945 487 2004 scripto
511 1949 558 1989 et
580 1943 635 1989 ad
659 1957 882 2003 praesens
899 1957 978 1989 eos
994 1942 1176 1988 abstine
1191 1949 1319 2005 potu,
1343 1945 1437 1990 cito
1453 1943 1748 1991 remediabis.

291 2013 655 2075 Epithematium
699 2012 1158 2059 vehementissimum
1202 2013 1258 2059 ad
1305 2012 1462 2060 cibum
1500 2014 1746 2060 conficien-
1780 2018 1832 2057 75

151 2085 263 2130 dum
301 2085 388 2129 sic:
441 2082 701 2143 Zingiberis
739 2097 796 2128 ex
832 2088 963 2128 aceto
1001 2084 1223 2128 macerati
1259 2081 1308 2130 P.
1340 2082 1379 2144 I,
1418 2085 1750 2145 auripigmenti

152 2153 200 2199 P.
230 2152 263 2213 I,
303 2152 508 2199 faeculae
547 2152 595 2198 P.
619 2152 653 2214 I,
691 2151 831 2198 calcis
862 2153 990 2198 vivae
1022 2152 1147 2212 drag.
1178 2151 1233 2214 II,
1271 2153 1498 2213 sinopidis
1526 2153 1748 2199 Ponticae

89 2235 132 2266 30
153 2223 202 2270 P.
239 2222 280 2281 Ι,
323 2222 488 2268 lixivae
527 2220 575 2267 8
613 2221 653 2284 I;
701 2223 811 2268 trita
855 2221 969 2268 haec
1014 2223 1063 2267 in
1108 2221 1244 2267 ollam
1287 2237 1454 2268 novam
1498 2224 1657 2269 mittes
1702 2229 1749 2269 et

154 2293 334 2339 fervere
372 2293 514 2338 facies
553 2291 711 2354 simul,
756 2291 904 2337 donec
948 2291 1099 2338 mellis
1138 2291 1496 2338 crassitudinem
1533 2291 1749 2355 habeant,

154 2369 201 2409 et
237 2377 344 2410 cum
383 2376 500 2422 opus
539 2362 702 2424 fuerit,
746 2361 938 2408 inducta
980 2375 1133 2421 panno
1180 2361 1327 2407 calida
1371 2361 1631 2408 visceribus
1672 2361 1749 2408 ad·

152 2447 313 2494 pones.
362 2431 478 2478 Cum
508 2431 599 2478 ibis
629 2431 898 2493 dormitum,
927 2430 1177 2492 zingiberis
1208 2431 1443 2478 modicum
1474 2431 1560 2478 sub
1590 2431 1750 2493 lingua
1781 2438 1833 2476 ’16

153 2508 310 2549 teneto
356 2507 403 2548 et
447 2515 503 2547 ex
546 2515 687 2563 posca
738 2500 883 2547 calida
935 2515 1100 2547 manus
1153 2499 1271 2564 lava,
1323 2502 1498 2562 optime
1550 2501 1748 2563 digeres.

296 2612 320 2648 2
353 2607 615 2651 storachem.
730 2612 754 2648 9
786 2605 978 2648 oximeli.
1096 2611 1147 2648 10
1177 2606 1380 2660 accipiat.
1489 2612 1538 2649 12
1571 2607 1748 2662 digeris,

155 2663 269 2720 veri]
300 2662 404 2706 vivi.
522 2667 572 2705 18
603 2662 800 2716 apprime
832 2663 1087 2705 Coi-narina.
1186 2675 1480 2716 conquoqueS.
1590 2668 1643 2706 24
1673 2663 1752 2706 ubi

156 2732 235 2762 om.
349 2723 403 2761 29
435 2718 655 2772 senopidis
685 2719 929 2772 pontiacae.
1047 2723 1101 2759 34
1131 2718 1326 2772 degeres.
