1898 3016
71 309 124 348 35

768 131 827 137 -
908 102 1004 152 118
1082 93 1189 137 -’

154 232 416 276 forinsecus
455 229 672 276 omnibus
710 231 835 276 vitiis
873 232 968 276 oris
1006 230 1237 276 infantum
1275 231 1430 276 statim
1470 229 1747 277 medebitur.

154 299 558 361 Medicamentum,
597 299 722 361 quod
760 299 870 346 facit
908 300 963 346 ad
1002 301 1175 362 omnia,
1212 302 1462 360 praecipue
1501 307 1655 346 autem
1693 300 1750 346 ad

154 384 207 416 ea
239 370 360 431 vitia,
394 383 511 429 quae
541 370 590 415 in
627 383 708 415 ore
747 369 1010 416 subsistunt
1049 374 1094 415 et
1132 368 1187 415 ad
1226 369 1584 416 abalienationes
1622 370 1750 417 audi-

154 447 231 486 tus
277 444 324 485 et
367 439 423 485 ad
469 445 678 485 tumores
724 441 906 486 aurium
953 447 999 485 et
1042 441 1173 500 puris
1211 439 1319 486 inde
1357 442 1667 486 manationem
1705 446 1752 485 et

155 508 363 555 dolorem
409 515 455 555 et
500 509 557 555 ad
594 508 840 570 palpebras
878 523 1065 570 asperas
1107 515 1153 555 et
1191 509 1247 555 ad
1284 508 1441 556 ulcera
1479 509 1666 555 sordida
1702 511 1751 554 in
1773 522 1794 553 5

155 578 304 625 oculis
341 586 480 639 atque
518 580 567 624 in
604 593 692 624 ano
731 586 778 624 et
814 587 998 625 veretro
1038 593 1220 625 necnon
1257 585 1304 625 et
1342 579 1396 624 ad
1429 577 1752 625 carbunculos.

155 647 232 694 Uti
270 654 425 694 autem
457 663 511 694 eo
542 654 741 710 oportet,
780 663 886 694 cum
917 648 1245 695 resolvendum
1276 655 1323 695 et
1353 647 1651 709 eliquandum
1683 655 1754 694 est

155 717 329 778 aliquid
354 717 526 764 ulceris
554 732 661 764 cum
685 717 842 765 melle:
874 733 980 765 cum
1005 725 1159 765 autem
1185 718 1615 780 constringendum,
1646 731 1754 764 cum

154 789 262 834 vino
300 793 509 850 austero,
556 788 639 834 sed
675 788 758 834 ubi
795 788 952 835 ulcera
990 789 1257 835 cicatricem
1301 787 1473 834 ducere
1519 786 1755 848 oportebit

155 863 236 903 aut
274 857 461 903 sordida
498 864 545 903 et
581 859 721 904 taetri
751 858 908 905 odoris
940 859 1203 920 expurgari,
1233 872 1339 904 cum
1371 865 1530 904 ceroto
1562 872 1618 903 ex
1648 871 1754 903 rosa
1778 870 1818 901 10

155 927 293 973 facto.
365 926 560 974 Proficit
603 934 757 974 autem
814 935 860 974 et
906 928 962 974 ad
1000 933 1235 974 tumentes
1274 934 1412 988 atque
1462 941 1754 988 compressas

155 997 355 1042 feminae
387 996 546 1043 vulvas
577 1011 724 1058 prope
756 1012 807 1044 os
837 999 985 1058 ipsius
1015 997 1177 1044 vulvae
1208 996 1489 1059 adhibitum3
1527 1004 1599 1042 est
1630 997 1755 1042 enim

157 1066 212 1112 ad
244 1067 398 1112 omnia
427 1066 673 1113 muliebria
701 1067 815 1113 utile
840 1082 946 1114 cum
969 1082 1160 1113 rosaceo
1186 1066 1286 1113 oleo
1311 1066 1587 1127 adpositum.
1625 1066 1756 1112 Facit

157 1137 297 1181 etiam
335 1136 391 1182 ad
429 1138 613 1182 narium
651 1138 760 1183 vitia
799 1144 846 1183 et
881 1137 1074 1198 polypos
1121 1144 1167 1183 et
1208 1142 1364 1183 cetera
1401 1136 1560 1182 ulcera
1597 1136 1755 1182 datur-

158 1219 248 1263 que
271 1205 358 1267 his,
391 1207 472 1266 qui
495 1208 769 1266 sanguinem
793 1207 982 1268 eiciunt,
1007 1214 1232 1267 quantum
1257 1205 1358 1252 faba
1383 1213 1454 1252 est
1478 1219 1584 1252 cum
1609 1220 1754 1266 aquae
1779 1219 1819 1249 15

158 1274 342 1321 duobus
373 1275 552 1336 cyathis
582 1276 781 1339 tepidae,
812 1278 982 1337 recipit
1011 1284 1168 1323 autem
1197 1276 1332 1323 haec:
1363 1275 1756 1336 Crocomagmatis

158 1346 323 1405 optimi
360 1344 399 1391 X
441 1344 518 1406 vl,
562 1347 704 1392 misui
749 1347 844 1393 usti
880 1345 921 1392 X
958 1345 1017 1408 V,
1063 1346 1280 1392 aluminis
1328 1346 1521 1392 rotundi
1563 1344 1603 1390 X
1641 1344 1756 1406 VIII,

156 1428 291 1460 rosae
323 1415 479 1461 aridae
511 1414 551 1461 X
581 1415 657 1477 ΙΙΙ,
694 1418 815 1462 aeris
845 1415 975 1463 floris
1006 1416 1046 1462 X
1077 1415 1176 1478 1111,
1213 1415 1358 1477 gallae
1390 1415 1604 1476 Syriacae
1636 1414 1676 1460 X
1706 1414 1757 1476 V,

158 1483 375 1544 omphaci
405 1484 525 1531 aridi
554 1484 594 1531 X
619 1484 731 1548 VIII,
771 1501 990 1547 squamae
1020 1487 1142 1532 aeris
1167 1485 1207 1532 X
1230 1485 1301 1548 vl,
1333 1484 1593 1532 chalcitidis
1623 1491 1756 1532 ustae

124 1553 198 1599 ‘X
228 1553 322 1617 vll,
359 1554 510 1601 mellis
547 1555 811 1616 despumati
840 1554 888 1602 8
919 1556 951 1602 I.
1021 1555 1146 1602 Haec
1183 1557 1336 1601 omnia
1375 1569 1587 1601 seorsum
1624 1556 1757 1615 prius
1780 1568 1821 1598 20

76 1912 129 1950 36

72 2538 128 2576 37

160 1631 206 1670 et
250 1625 300 1670 in
345 1638 512 1687 unum,
556 1631 718 1686 postea
763 1640 869 1672 cum
908 1627 1015 1672 vino
1053 1627 1163 1672 trita
1200 1625 1403 1672 admixto
1442 1639 1578 1686 passo
1618 1631 1756 1685 atque

158 1693 294 1740 melle
339 1700 609 1755 coquuntur
652 1694 782 1741 molli
823 1710 975 1756 pruna
1012 1698 1060 1742 in
1097 1710 1205 1741 vaso
1243 1694 1375 1741 rubri
1412 1697 1552 1757 aeris,
1600 1694 1646 1740 id
1686 1700 1757 1740 est

159 1777 349 1827 cupreo,
380 1765 444 1810 ita
468 1770 521 1811 ut
545 1764 741 1811 subinde
765 1767 968 1826 agitetur
992 1772 1038 1811 et
1062 1771 1290 1826 coquatur
1312 1765 1584 1825 lentissime,
1609 1764 1757 1810 donec

158 1832 307 1880 mellis
347 1834 701 1895 spissitudinem
737 1835 926 1899 haheat3
972 1835 1096 1897 quod
1133 1835 1524 1881 medicamentum
1563 1833 1758 1881 recondi

161 1903 300 1949 debet
343 1906 392 1950 in
435 1905 603 1966 pyxide
649 1919 817 1966 cyprea
862 1911 909 1952 et
946 1906 1133 1966 signari.
1206 1904 1275 1950 Ad
1321 1919 1387 1966 ea,
1434 1918 1552 1965 quae
1589 1905 1639 1950 in
1675 1918 1756 1950 ore
1780 1915 1822 1946 25

160 1972 439 2036 subsistunt,
477 1981 524 2021 et
559 1975 614 2021 ad
647 1975 954 2035 puerulorum
984 1975 1056 2021 vel
1090 1975 1320 2021 infantum
1350 1973 1508 2020 ulcera
1537 1972 1756 2034 pestilen-

158 2043 299 2090 tiosa:
352 2043 489 2090 Croci
524 2044 564 2090 X
595 2044 701 2108 ΙΙΙΙ,
739 2059 921 2107 myrrae
961 2044 999 2091 X
1029 2044 1109 2107 VI,
1154 2043 1297 2105 gallae
1337 2043 1551 2104 Syriacae
1591 2042 1629 2089 X
1660 2041 1757 2103 1111,

159 2112 377 2159 aluminis
415 2114 514 2160 fissi
553 2115 592 2160 X
623 2115 683 2176 ΙΙ,
722 2117 842 2161 turis
881 2114 920 2161 X
950 2114 1012 2177 ΙΙ,
1050 2129 1184 2161 rosae
1222 2114 1349 2160 floris
1388 2112 1427 2159 X
1457 2112 1536 2173 VI,
1581 2112 1756 2174 glycyr-

158 2181 314 2229 rhizae
353 2185 456 2230 suci
493 2183 533 2230 X
564 2183 677 2247 VIII,
714 2187 798 2231 iris
835 2184 875 2231 X
906 2184 984 2247 VI,
1023 2184 1407 2244 crocomagmatis
1445 2182 1485 2228 X
1514 2181 1584 2243 VI,
1623 2182 1757 2228 nardi

161 2251 340 2314 Syriaci
370 2252 409 2299 X
433 2253 482 2316 V,
520 2255 696 2315 piperis
728 2254 768 2300 X
791 2254 811 2300 Ι
835 2255 866 2301 S
905 2262 951 2301 et
988 2256 1090 2301 eius
1121 2255 1296 2313 tertiaS‚
1334 2254 1452 2299 costi
1481 2251 1521 2297 X
1545 2251 1621 2313 ΙΙΙ,
1660 2254 1755 2298 cin·
1780 2265 1821 2294 30

161 2324 287 2368 nami
325 2322 364 2368 X
395 2322 474 2386 VI,
514 2325 664 2370 casiae
704 2324 743 2370 X
773 2323 845 2388 vl,
881 2324 979 2386 poli
1015 2323 1055 2370 X
1085 2323 1140 2386 ΙΙ,
1177 2322 1328 2369 mellis
1367 2321 1491 2383 quod
1530 2323 1642 2368 satis
1681 2323 1755 2368 sit.

159 2390 283 2438 Haec
329 2395 439 2439 trita
484 2393 732 2454 diligenter
776 2402 1177 2455 concorporantur
1223 2398 1271 2438 et
1308 2393 1355 2438 in
1396 2391 1579 2438 vasculo
1619 2406 1755 2438 aereo

159 2467 239 2507 aut
282 2463 431 2509 vitreo
477 2463 809 2510 custodiuntur
847 2472 893 2510 et
938 2478 1044 2510 cum
1094 2477 1212 2523 opus
1259 2471 1350 2524 est,
1399 2463 1523 2507 vitiis
1568 2463 1664 2507 oris
1710 2468 1756 2507 et

160 2530 365 2578 faucium
409 2533 616 2579 remedio
661 2533 954 2581 adhibentur.
1029 2532 1235 2579 Anthera
1279 2531 1336 2578 ad
1374 2531 1533 2578 ulcera
1570 2538 1616 2577 et
1655 2545 1755 2577 san-

274 2697 325 2735 16
349 2694 528 2746 recepit.
619 2699 669 2737 18
693 2695 786 2737 flos.
876 2699 925 2737 19
950 2693 1166 2736 calchitis.
1253 2698 1305 2736 27
1330 2693 1496 2736 siricae.
1585 2698 1636 2735 28
1661 2692 1756 2746 gly-

159 2746 342 2790 cerizae.
458 2754 511 2792 30
543 2749 702 2794 siriaci.
817 2756 868 2793 31
901 2750 1023 2804 polii.
