1930 3008
852 54 1226 142 -2964

239 221 394 267 occisa
430 219 594 282 fuerit,
632 218 689 266 ad
726 225 938 266 ventrem
976 234 1113 267 suum
1152 219 1328 282 anget3
1360 219 1416 267 de
1449 219 1594 267 herba
1632 235 1835 286 quoque,

239 303 358 351 quae
395 291 544 336 muris
582 289 790 335 auricula
827 289 1016 352 dicitur,
1053 303 1220 336 novem
1250 289 1358 336 folia
1389 289 1519 337 tollat
1549 296 1596 337 et
1625 306 1732 338 cum
1764 293 1833 354 pi-

239 361 366 420 peris
410 360 567 420 granis
610 358 735 404 V1111
777 364 898 406 terat
944 365 990 405 et
1038 373 1093 405 ex
1139 373 1256 420 aqua
1304 358 1434 406 bibat
1478 374 1564 420 per
1610 361 1831 409 triduum.

147 419 208 476 ’21
241 428 383 475 Talus
429 443 616 490 quoque
661 428 834 489 leporis
882 428 1140 475 ventriculo
1187 428 1446 489 subligatus
1491 429 1700 477 dolorem
1737 433 1836 479 eius

158 508 210 545 22
243 498 461 547 excludit.
527 498 797 545 Lenticulae
841 497 1028 544 hemina
1071 499 1120 544 in
1165 503 1296 544 aceto
1340 498 1595 546 madefacta
1639 506 1686 547 et
1732 501 1833 548 cibo
1857 509 1878 542 5

161 578 212 615 23
243 570 470 630 potuique
518 568 622 614 data
666 569 823 614 ieiuno
870 569 1102 615 extinctos
1147 567 1402 614 lumbricos
1450 570 1623 616 eximit.
1695 570 1836 617 Malva

243 652 351 685 cum
400 639 562 698 senapi
599 643 730 684 cocta
768 642 815 683 et
850 638 900 683 in
937 637 1079 684 calice
1117 639 1267 698 posita
1304 652 1357 684 ac
1395 637 1664 686 sorbitionis
1701 640 1837 686 modo

159 716 214 754 24
246 708 433 768 saepius
480 712 662 767 gustata
708 708 945 753 succurrit
987 706 1212 753 molestiis
1249 706 1601 755 lumbricorum.
1667 708 1839 756 Grano-

244 791 350 824 rum
387 777 445 822 de
481 776 615 823 malis
644 775 835 822 Punicis
873 775 1078 823 dulcium
1115 776 1448 838 acidorumque
1480 791 1622 824 sucus
1653 793 1839 840 expres-

245 861 326 893 sus
363 860 500 908 passo
539 846 749 893 eiusdem
786 860 1034 893 mensurae
1072 847 1348 910 inmiscetur
1385 849 1691 909 potionesque
1722 848 1839 895 duae
1862 858 1904 889 10

243 915 300 962 de
346 917 579 977 permixto
624 916 743 962 fiunt
788 921 834 962 et
876 930 968 962 una
1014 922 1121 962 ante
1173 930 1335 962 cenam
1387 916 1544 978 datur,
1596 917 1682 964 alia
1732 923 1840 978 post

244 999 429 1048 cenam,
474 991 662 1046 postera
707 985 784 1031 die
827 987 1022 1032 tertiave
1067 984 1324 1032 lumbricos
1367 985 1440 1032 vel
1483 987 1633 1033 tineas
1677 994 1839 1048 poten-

243 1059 317 1101 ter
354 1054 555 1116 expellit.

159 1131 213 1170 25
387 1123 581 1171 Stercus
619 1125 862 1184 caprinum
900 1123 1082 1170 aridum
1119 1122 1502 1170 tritum-adiecto
1539 1123 1674 1170 melle
1708 1127 1841 1185 potui

160 1202 213 1239 26
245 1193 406 1240 datum
436 1207 493 1239 ex
523 1207 641 1253 aqua
673 1193 818 1240 calida
849 1195 965 1239 mire
995 1193 1215 1254 producit
1244 1194 1407 1239 tineaS.
1459 1192 1644 1239 Cervini
1668 1208 1840 1242 cornus
1863 1204 1904 1235 15

245 1262 464 1309 conbusti
508 1263 627 1309 cinis
678 1265 818 1309 tritus
862 1277 918 1309 ex
963 1277 1081 1324 aqua
1123 1269 1263 1324 potus
1308 1264 1458 1309 tineas
1502 1269 1720 1323 potenter
1767 1279 1840 1310 ex-

160 1341 212 1379 27
243 1332 386 1394 pellit.
447 1332 652 1378 Rafanus
691 1347 747 1378 cx
785 1347 903 1393 aqua
940 1333 996 1378 ad
1033 1334 1196 1379 tertias
1234 1332 1514 1393 decoquitur
1552 1347 1699 1394 eaque
1730 1335 1837 1380 vino

160 1411 213 1449 28
244 1403 388 1448 mixta
425 1402 482 1448 ad
520 1402 818 1462 extirpandas
855 1404 1004 1448 tineas
1041 1402 1220 1449 utiliter
1255 1401 1446 1448 bibitur.
1506 1401 1654 1449 Radix
1687 1403 1840 1450 inulae

244 1473 293 1518 in
329 1473 438 1518 vino
470 1471 764 1534 decoquitur,
804 1471 971 1518 deinde
1002 1486 1146 1519 sucus
1177 1473 1277 1518 eius
1308 1473 1586 1532 exprimitur
1614 1474 1840 1534 potuique

245 1541 383 1588 datur
419 1541 475 1587 ad
513 1542 663 1587 tineas
694 1541 978 1604 enecandas3
1017 1542 1099 1588 sed
1132 1556 1183 1588 ea
1213 1541 1344 1587 radix
1374 1548 1677 1602 posteaquam
1709 1548 1841 1589 eruta
1864 1550 1905 1580 20

161 1620 212 1657 29
246 1617 332 1672 est,
371 1616 546 1657 terram
583 1625 677 1656 non
715 1610 854 1657 debet
892 1611 1144 1672 adtingere.
1211 1610 1375 1657 Aleum
1413 1612 1460 1656 in
1499 1611 1728 1658 oenomeli
1765 1612 1842 1658 de-

249 1685 436 1727 coctum
475 1686 521 1726 et
557 1688 768 1726 voratum
805 1681 1017 1741 proderit
1053 1680 1295 1727 lumbricis
1330 1680 1400 1726 vel
1429 1681 1568 1726 tineis
1599 1681 1842 1743 necandis3

248 1764 367 1811 aqua
406 1763 607 1812 quoque,
643 1751 692 1796 in
731 1764 820 1811 qua
858 1750 1007 1810 lupini
1039 1751 1222 1797 decocti
1250 1751 1439 1811 fuerint,
1477 1750 1630 1796 addita
1659 1756 1765 1796 ruta
1796 1759 1842 1797 et

163 1829 216 1867 30
246 1821 410 1880 pipere
449 1821 561 1866 trito
591 1821 725 1880 potui
754 1819 858 1866 data
888 1820 1117 1867 medetur.
1175 1821 1311 1867 Acini
1340 1821 1436 1866 sive
1467 1819 1675 1880 corymbi
1704 1819 1841 1866 hede-

247 1903 327 1935 rae
358 1894 456 1935 tres
487 1890 680 1935 contriti
709 1890 758 1935 in
789 1889 987 1951 oxymeli
1017 1889 1195 1937 utiliter
1227 1889 1473 1936 adversum
1499 1890 1649 1935 tineas
1676 1888 1841 1936 bibun-
1866 1896 1906 1927 2⁵

247 1965 326 2005 tur
363 1964 443 2005 aut
479 1960 631 2004 ventri
667 1959 943 2006 inlinuntur.

164 2038 216 2075 31
391 2027 609 2074 Absinthi
640 2029 753 2075 sicci
778 2028 1017 2075 Santonici
1047 2028 1265 2075 conbusti
1288 2027 1504 2090 cyathum
1528 2042 1687 2088 unum,
1710 2028 1843 2073 corni

248 2098 426 2144 cervini
464 2097 682 2144 conbusti
713 2098 929 2159 cyathum
959 2113 1120 2160 unum,
1150 2099 1243 2159 apii
1273 2099 1464 2144 seminis
1494 2098 1595 2143 triti
1624 2097 1841 2158 cyathum

247 2181 394 2214 unum
432 2166 653 2213 miscebis
691 2173 738 2214 et
774 2169 953 2231 ieiuno,
999 2169 1080 2229 qui
1119 2169 1269 2214 tineas
1314 2166 1659 2226 lumbricosque
1698 2167 1840 2227 patie-

246 2244 338 2299 tur,
376 2251 432 2283 ex
470 2250 589 2298 aqua
621 2236 766 2283 calida
795 2239 929 2299 potui
958 2237 1088 2284 dabis
1118 2237 1386 2284 moderatus
1416 2249 1682 2282 mensuram
1712 2236 1839 2281 iuxta
1863 2243 1904 2273 30

247 2312 446 2353 aetatem
483 2308 725 2353 sumentis.

161 2385 214 2423 32
385 2375 455 2422 Ad
493 2375 749 2423 lumbricos
787 2376 1023 2423 eiciendos
1059 2375 1321 2422 remedium
1358 2375 1526 2420 mirum
1566 2375 1653 2420 sic:
1707 2373 1838 2420 Satu-

245 2447 371 2492 reiae
417 2445 591 2492 fascem
637 2446 812 2492 bonum
850 2460 958 2493 cum
996 2460 1140 2507 aquae
1178 2443 1227 2491 *S*
1259 2443 1321 2490 111
1357 2445 1515 2489 mittes
1545 2444 1594 2488 in
1630 2457 1709 2489 vas
1747 2457 1839 2490 am-

245 2515 376 2576 plum
421 2520 468 2562 et
513 2514 761 2576 diligenter
805 2515 1013 2579 claudes,
1056 2522 1242 2577 postera
1287 2513 1361 2559 die
1406 2512 1578 2559 celabis
1616 2518 1663 2559 et
1699 2513 1840 2559 addes

359 2682 383 2718 3
415 2678 461 2719 et
492 2681 591 2719 ante
621 2690 673 2719 ex
702 2690 780 2720 om.
904 2680 956 2717 23
987 2675 1132 2717 fuerit.
1253 2679 1307 2716 24
1336 2673 1478 2727 putui.
1606 2679 1659 2716 30
1688 2671 1837 2715 mode-

245 2732 391 2774 ratam
423 2733 676 2777 Gornarius.
812 2737 865 2774 32
896 2731 1149 2773 lumbricus.
1294 2729 1531 2785 satureiae]
1564 2729 1838 2782 saduregem.
