1898 3016
759 125 1131 175 —187-

820 265 944 313 CAP.
982 265 1077 312 XX.

149 356 236 399 Ad
279 354 456 398 omnia
500 354 762 397 stomachi
803 354 932 397 vitia.
976 358 1030 396 et
1072 355 1143 397 ad
1180 365 1366 397 omnes
1403 355 1519 398 eius
1557 366 1747 399 causas

149 427 204 468 et
233 424 446 468 dolores
474 427 530 467 et
558 425 628 467 ad
659 434 873 466 omnem
904 423 1224 467 cruditatem
1247 426 1410 477 atque
1435 425 1747 478 indigeriem

148 494 523 548 depellendam
553 496 608 537 et
636 494 707 536 ad
736 504 951 537 omnem
976 493 1246 537 viscerum
1268 496 1431 548 atque
1454 495 1748 549 aqualiculi

147 564 605 607 confirmationem
634 563 889 616 antidota,
920 564 1282 617 epithematia,
1319 565 1583 618 potiones,
1618 576 1745 617 oxy-

145 634 295 687 poria
311 666 324 687 ,
375 634 655 677 unctiones
706 632 917 686 aliaque
977 633 1238 676 nonnulla
1295 634 1632 677 rationabilia
1692 637 1746 678 et

236 703 458 757 physica
492 702 728 746 remedia.
765 703 974 745 diversa
1010 703 1392 756 experimentis
1428 705 1654 758 probata.

699 783 915 826 usuque
953 773 1196 816 collecta.

285 879 546 942 Principale
595 886 734 941 atque
784 881 976 926 unicum
1021 880 1280 927 remedium
1325 880 1381 927 ad
1428 881 1655 928 stomachi
1699 890 1745 929 et

145 950 304 998 lateris
336 950 543 997 dolorem
576 950 755 1011 aliaque
787 949 1007 996 nonnulla
1038 952 1212 997 interni
1242 951 1453 1011 corporis
1490 949 1621 1013 mala,
1660 965 1745 998 seu

146 1035 252 1067 cum
298 1019 428 1067 febre
477 1021 573 1066 sive
611 1021 711 1066 sine
750 1019 880 1066 febre
918 1020 1106 1066 fuerint.
1180 1019 1265 1066 Est
1302 1022 1427 1066 enim
1468 1022 1743 1082 compositio

145 1091 355 1153 mirifica,
386 1090 544 1137 multis
568 1091 756 1136 omnino
785 1091 1046 1136 necessaria
1078 1089 1198 1135 infra
1231 1091 1421 1151 scriptis
1451 1092 1618 1153 causis,
1650 1105 1744 1137 non

103 1172 123 1204 5
146 1161 355 1221 ignorata
399 1159 586 1221 quidem
633 1159 975 1220 antiquioribus
1019 1160 1213 1206 medicis
1258 1165 1452 1221 propter
1492 1161 1745 1208 effectuum

145 1230 440 1291 probitatem,
471 1229 553 1276 sed
583 1231 836 1290 praecipue
864 1244 888 1275 a
911 1228 1078 1276 Paccio
1103 1229 1330 1276 Antiocho
1356 1230 1567 1276 auditore
1590 1229 1742 1277 Philo-

146 1299 267 1346 nidis
306 1299 586 1346 Catiniensis
622 1313 712 1346 usu
750 1298 1017 1361 inlustrata3
1064 1299 1174 1346 fecit
1220 1300 1343 1345 enim
1382 1314 1573 1360 magnos
1605 1315 1743 1361 quae-

145 1376 246 1416 stus
284 1383 340 1415 ex
378 1383 430 1415 ea
467 1374 662 1430 propter
700 1368 892 1415 crebros
927 1383 1176 1415 successus
1206 1371 1254 1415 in
1285 1370 1410 1415 vitiis
1441 1369 1741 1433 difficillimis,

143 1439 225 1486 sed
262 1453 320 1486 ne
358 1438 434 1485 hic
473 1439 660 1500 quidem
698 1453 917 1499 umquam
949 1438 1031 1484 ulli
1062 1440 1192 1485 vivus
1222 1440 1324 1484 vivo
1357 1440 1742 1500 compositionem

81 1510 279 1556 mistam
318 1509 534 1555 ostendit.
593 1508 706 1555 Post
742 1515 941 1554 mortem
972 1507 1162 1554 Tiberio
1194 1508 1381 1555 Caesari
1418 1523 1503 1570 per
1533 1508 1741 1556 libellum

143 1581 371 1641 scriptum
409 1578 513 1625 data
552 1584 624 1625 est
661 1584 708 1624 et
744 1592 829 1638 per
867 1593 974 1625 eum
1012 1579 1061 1624 in
1099 1577 1395 1624 bibliothecis
1429 1578 1630 1639 publicis
1661 1593 1741 1640 po-

143 1650 229 1695 sita
267 1649 394 1694 venit
430 1649 479 1694 in
516 1662 682 1694 manus
722 1654 926 1710 nostraS‚
971 1662 1110 1709 quam
1155 1654 1261 1694 ante
1307 1647 1434 1694 nullo
1481 1649 1619 1695 modo
1666 1664 1741 1696 ex-

142 1718 328 1765 trahere
366 1719 620 1780 potuimus,
659 1719 869 1779 quamvis
907 1719 1062 1764 omnia
1099 1718 1364 1781 fecerimUS‚
1406 1725 1458 1764 ut
1497 1720 1741 1782 sciremus,

144 1803 261 1849 quae
308 1794 444 1834 esset.
518 1788 622 1848 Ipse
660 1789 784 1834 enim
822 1786 1009 1834 clausus
1047 1787 1355 1849 componebat
1393 1802 1493 1834 eam
1533 1803 1619 1835 nec
1659 1788 1742 1836 ulli

82 1868 122 1900 15
147 1872 341 1904 suorum
379 1856 699 1904 committebat
736 1856 962 1918 pluraque
1002 1872 1141 1918 quam
1176 1859 1344 1918 recipit
1374 1859 1609 1918 pigmenta
1650 1860 1741 1905 emi

144 1934 191 1974 et
229 1927 455 1974 contundi
491 1926 680 1973 iubebat
717 1926 904 1972 fallendi
942 1941 1052 1973 suos
1090 1941 1230 1973 causa
1274 1934 1320 1973 et
1363 1941 1472 1973 sane
1503 1928 1551 1973 in
1584 1927 1738 1975 libello

143 1999 244 2058 ipse
290 1997 461 2043 fatetur
506 2011 599 2042 non
644 2010 667 2042 a
707 2010 756 2042 se
793 1998 1050 2058 inventam,
1097 1996 1179 2043 sed
1219 2011 1306 2043 usu
1345 1999 1577 2044 exactiore
1617 2012 1740 2044 com-

141 2066 398 2128 probatam,
436 2066 493 2112 ad
531 2081 649 2127 quae
686 2067 799 2112 vitia
835 2073 882 2113 et
918 2081 1026 2113 cum
1063 2065 1233 2126 quibus
1272 2074 1318 2112 et
1349 2067 1740 2128 quemadmodum

143 2136 246 2183 data
291 2137 556 2197 proficeret.
622 2135 706 2182 Est
752 2137 874 2182 enim
913 2150 1006 2182 non
1043 2137 1221 2198 ignota,
1258 2136 1546 2197 ponderibus
1584 2144 1740 2184 tamen

80 2217 122 2248 20
144 2207 348 2268 antiquis
394 2212 473 2252 aut
518 2206 687 2252 adiecit
724 2212 804 2252 aut
841 2205 1040 2252 detraxit
1077 2205 1251 2267 aliquid
1302 2212 1348 2252 et
1385 2220 1482 2269 res,
1528 2221 1645 2268 quae
1691 2209 1739 2254 in

142 2276 228 2322 hac
267 2276 603 2336 compositione
642 2282 766 2337 sunt,
803 2289 897 2321 non
935 2276 1097 2336 utique
1136 2277 1421 2322 conveniunt
1451 2276 1507 2322 ad
1539 2278 1738 2338 antiqui-

142 2352 300 2392 tatem.
356 2345 596 2392 Interdum
634 2347 758 2392 enim
798 2359 958 2391 earum
997 2345 1221 2406 quaedam
1254 2351 1301 2392 et
1331 2360 1425 2391 non
1455 2351 1549 2392 tam
1580 2346 1739 2408 multa,

143 2415 371 2476 quaedam
400 2416 555 2462 minus
586 2422 633 2462 et
662 2414 869 2477 pondere
901 2420 947 2461 et
978 2429 1173 2461 numero
1208 2416 1472 2476 specierum
1503 2417 1740 2477 accipiunt

289 2553 340 2590 14
369 2548 450 2590 ulli
479 2562 500 2591 e
530 2549 747 2592 Scribon.:
776 2548 879 2591 ullis
912 2549 1163 2591 Gornarius.
1276 2553 1328 2591 15
1352 2549 1439 2592 emi
1462 2550 1524 2605 et]
1550 2549 1740 2604 ipsemet

146 2605 340 2648 Scribon.
483 2608 535 2646 22
567 2604 792 2647 Interdum
824 2605 961 2660 enim]
999 2605 1143 2647 Locus
1181 2609 1412 2658 corruptus
1448 2618 1533 2649 esse
1569 2607 1740 2649 videtum

145 2674 277 2714 neque
317 2674 345 2702 a
382 2660 631 2713 Scribonio,
668 2662 792 2703 euius
827 2662 956 2703 verba
998 2663 1047 2714 (c.
1081 2662 1150 2714 97)
1181 2661 1402 2703 interdum
1441 2663 1556 2704 enim
1588 2675 1738 2704 earum

145 2717 362 2769 quaedam
399 2717 547 2769 plures
588 2716 724 2758 etiam
763 2729 943 2758 numero
983 2716 1206 2770 accipiunt
1243 2718 1376 2769 atque
1414 2718 1514 2760 ideo
1544 2722 1616 2760 etc.
1648 2731 1738 2761 non

144 2772 282 2827 maqis
311 2773 478 2825 inteyra
507 2777 623 2824 sunt,
652 2773 867 2816 medicina
889 2774 983 2827 peti
1005 2777 1157 2827 potest.
