1898 3016
55 316 107 354 53

52 525 107 562 54

50 734 104 772 55

49 1082 104 1122 56

48 1362 102 1400 57

48 1849 104 1887 58

47 2198 101 2236 59

47 2338 102 2375 60

752 97 1197 159 —138—'

139 242 186 282 et
221 235 387 296 pollice
426 250 620 296 granum
658 235 842 283 vulsum
888 238 955 283 sic
993 236 1374 300 transgluttierit,
1419 244 1472 284 ut
1515 237 1735 285 dentibus

139 320 231 352 non
279 307 530 366 contingat.
599 305 793 352 Stercus
838 305 1116 352 caballinum
1161 321 1326 353 recens
1371 306 1561 368 colliges
1599 313 1646 354 et
1685 309 1735 354 in

138 375 276 421 furno
315 375 572 437 calefacies,
610 382 722 422 tunc
760 375 914 422 oleum
952 375 1104 422 medio
1143 378 1285 437 capiti
1321 376 1539 423 infundes
1571 383 1734 423 contra

137 459 272 491 uvam
320 451 367 491 et
411 447 478 492 sic
524 453 706 492 stercus
751 445 1041 506 praedictum
1085 447 1133 491 in
1177 460 1330 506 panno
1375 446 1447 492 vel
1493 448 1541 493 in
1589 446 1733 493 linteo

138 516 299 575 spisso.
321 516 461 576 capiti
492 515 801 576 superligabis
823 517 872 560 in
895 521 1095 562 noctem.
1147 514 1389 562 Frumenti
1418 530 1559 576 grana
1591 530 1734 576 super
1756 528 1777 560 5

137 584 413 631 candentem
450 584 654 645 tegulam
690 599 837 646 pones
876 590 922 631 et
960 585 1204 646 disperges
1242 600 1295 631 ea
1332 592 1379 631 et
1415 600 1522 632 cum
1560 585 1735 632 videris

137 668 191 699 ex
230 653 302 700 his
341 668 553 701 umorem
585 657 771 715 nigrum
803 656 944 716 exire,
983 654 1039 701 de
1071 654 1298 701 cocleario
1331 654 1519 715 colliges
1550 663 1597 702 et
1627 654 1734 701 sub-

134 723 242 769 inde
273 738 389 770 uvae
420 724 639 786 adponeS‚
671 726 826 771 statim
857 724 1151 771 remediabis.
1203 724 1272 771 Ad
1297 725 1454 771 fauces
1487 731 1533 771 et
1563 726 1734 771 arteria

135 793 356 854 impedita
394 794 655 840 remedium
692 794 807 840 utile
855 795 943 841 sic:
1003 793 1140 840 Croci
1183 794 1396 855 dragmas
1434 793 1553 856 VIII,
1600 794 1734 840 nardi

135 861 262 923 drag.
300 863 361 926 11,
408 863 788 910 schoenuanthus
833 861 959 924 drag.
1004 863 1043 927 Ι,
1088 864 1228 910 amuli
1274 861 1400 925 drag.
1438 864 1457 909 1
1497 863 1548 921 S,
1598 878 1732 910 rosae
1757 877 1798 907 10

135 935 324 980 seminis
363 931 489 995 drag.
520 933 562 995 I,
599 933 750 980 mellis
788 934 930 980 Attici
967 934 1185 995 cyathum
1224 948 1370 980 unum
1409 948 1515 980 cum
1554 935 1730 980 tenuis-

135 1004 252 1049 simo
296 1002 488 1063 pulvere
533 1005 799 1064 specierum
843 1018 984 1065 supra
1030 1004 1260 1050 dictarum
1304 1003 1524 1050 miscebis
1569 1009 1616 1049 et
1654 1003 1731 1049 de-

136 1087 310 1133 coques
348 1074 554 1119 tenuiter
593 1079 639 1119 et
676 1073 731 1119 ad
770 1075 1126 1133 perunctionem
1165 1074 1368 1119 faucium
1411 1074 1572 1119 uteris.
1639 1072 1732 1119 Lac

133 1141 361 1189 bubulum
400 1157 566 1189 recens
604 1142 808 1189 mulsum
847 1149 893 1189 et
929 1143 1053 1189 lento
1092 1144 1200 1203 igne
1235 1142 1508 1189 calefactum
1539 1141 1732 1203 gargali-

134 1220 381 1273 zatumque
413 1214 582 1258 arteria
607 1214 861 1258 constricta
891 1213 1046 1259 infuso
1079 1218 1260 1259 catarro
1292 1218 1339 1258 et
1363 1213 1519 1258 fauces
1544 1226 1733 1272 exaspe-
1757 1223 1798 1255 15

134 1289 259 1328 ratas
296 1284 519 1342 pristinae
558 1283 745 1328 sanitati
782 1283 999 1329 restituta
1037 1289 1268 1343 persanat.

277 1351 397 1398 Uvae
443 1352 619 1398 dolenti
664 1358 710 1398 et
747 1352 1001 1398 destillanti
1038 1352 1428 1398 medicamentum
1467 1357 1733 1412 praesenta-

134 1436 276 1468 neum
307 1423 395 1469 sic:
427 1421 580 1468 Gallae
613 1422 743 1468 rufae
775 1423 1075 1484 semunciam,
1107 1422 1324 1468 aluminis
1348 1422 1484 1468 scissi
1509 1415 1570 1487 „9⁴
1596 1420 1732 1483 V1111,

134 1505 317 1552 myrrae
362 1492 695 1552 pinguissimae
742 1486 803 1558 ᾖ
844 1491 985 1554 vllll,
1031 1491 1314 1538 cunicularis
1357 1490 1530 1537 herbae
1576 1490 1732 1537 aridae

135 1575 278 1622 super
301 1561 521 1607 mundam
547 1561 749 1622 tegulam
774 1561 1043 1608 combustae
1069 1562 1240 1608 cineris
1265 1562 1565 1607 semunciam.
1606 1560 1731 1607 Haec
1755 1573 1796 1604 20

135 1633 288 1677 omnia
324 1633 374 1676 in
411 1633 737 1677 tenuissimum
777 1631 1016 1691 pulverem
1053 1631 1241 1677 redacta
1279 1637 1326 1676 et
1363 1632 1411 1676 in
1450 1645 1597 1676 unum
1628 1644 1732 1691 per-

133 1702 277 1747 mixta
316 1706 562 1747 servantur
599 1715 707 1746 vaso
740 1702 886 1747 vitreo
919 1710 965 1747 et
995 1716 1080 1761 per
1109 1701 1319 1747 triduum
1351 1699 1560 1746 cocleare
1592 1701 1729 1746 semi-

135 1771 324 1829 plenum
361 1772 518 1816 ieiuno
559 1777 605 1816 et
634 1770 754 1816 bene
785 1771 966 1831 digesto
997 1773 1118 1817 intra
1149 1785 1202 1816 os
1232 1771 1472 1832 inseritur,
1510 1775 1562 1816 ut
1595 1783 1730 1816 uvam

136 1842 373 1901 contingat
411 1846 458 1886 et
493 1839 670 1887 inlinat.
733 1840 1002 1887 Causticum
1040 1840 1094 1886 ad
1134 1854 1269 1886 uvam
1299 1841 1487 1901 penitus
1520 1840 1729 1885 minuen-

134 1910 238 1956 dam
276 1910 349 1956 vcl
386 1910 750 1956 consumendam
789 1912 876 1957 sic:
929 1910 1139 1957 Feniculi
1176 1907 1302 1970 drag.
1340 1909 1381 1971 Ι,
1423 1908 1563 1955 calcis
1600 1910 1728 1955 vivae
1752 1922 1793 1953 25

134 1978 259 2040 drag.
290 1979 324 2041 l,
362 1980 578 2026 afronitri
615 1977 738 2042 drag.
770 1980 838 2042 11„
877 1980 1140 2026 chalcanthi
1177 1977 1302 2041 drag.
1332 1979 1393 2040 ΙΙ,
1430 1980 1479 2025 iu
1518 1976 1644 2039 drag.
1675 1978 1727 2024 11.

135 2049 338 2096 Contusa
376 2049 490 2096 haec
535 2056 581 2096 et
625 2051 672 2095 in
711 2050 951 2111 pulverem
989 2050 1174 2096 redacta
1212 2050 1443 2109 permisce
1481 2055 1528 2094 et
1565 2047 1729 2107 subige

134 2133 239 2165 cum
279 2121 438 2166 cinere
475 2119 603 2165 lixivi
637 2119 825 2166 ficulnei
855 2126 902 2166 et
931 2122 1103 2180 inpone
1135 2121 1324 2180 siccum,
1362 2121 1425 2164 ita
1458 2123 1511 2164 ut
1539 2118 1730 2163 haereat

133 2203 248 2235 uvae
294 2188 366 2235 vel
410 2189 637 2235 faucibus.
712 2189 881 2236 Raucis
927 2196 974 2236 et
1017 2189 1256 2250 gravedini
1299 2190 1425 2234 vocis
1473 2187 1728 2247 plurimum

132 2259 326 2319 prodest
355 2259 723 2321 tragacanthum,
756 2261 795 2305 si
826 2259 913 2306 sub
943 2259 1099 2320 lingua
1123 2259 1203 2304 diu
1234 2264 1461 2319 teneatur,
1493 2263 1572 2303 aut
1594 2258 1728 2318 piper
1751 2270 1792 2300 30

135 2335 181 2374 et
210 2328 432 2390 paulatim
464 2328 616 2387 saliva,
656 2343 773 2389 quae
805 2328 996 2375 collecta
1032 2330 1186 2390 suerit,
1225 2327 1484 2373 sorbeatur.
1541 2326 1728 2373 Raucus

134 2399 172 2444 si
210 2413 292 2444 ova
330 2400 512 2444 incocta
551 2401 757 2444 recentia
795 2398 976 2460 singula
1012 2413 1097 2460 per
1134 2397 1343 2444 triduum
1386 2397 1574 2443 ieiunus
1614 2396 1726 2442 hau-

248 2537 267 2572 1
303 2532 384 2587 sic]
418 2533 466 2574 si.
610 2537 637 2574 4
666 2533 891 2586 praedum.
1022 2537 1044 2573 7
1074 2532 1317 2573 humorem.
1462 2535 1486 2571 8
1517 2529 1727 2572 arteriam

131 2587 393 2640 impeditam
426 2589 675 2630 Cornarius.
795 2594 845 2630 10
875 2587 1184 2642 scynuanthos.
1303 2590 1352 2628 15
1384 2586 1591 2628 arteriam
1625 2598 1726 2627 con-

133 2643 332 2684 strictam
359 2643 608 2686 Coo-narius.
700 2643 927 2686 confricta.
1016 2648 1070 2684 20
1094 2643 1362 2684 cumbustae.
1451 2648 1503 2684 26
1534 2641 1727 2683 afroniti.

131 2698 178 2740 iu
209 2702 278 2750 (=
310 2698 397 2750 ἰοῦ)
427 2701 607 2752 scripsi:
637 2700 741 2742 ioni.
857 2704 909 2742 27
941 2699 1115 2754 subige]
1147 2699 1225 2740 sub
1256 2698 1372 2752 igne.
1488 2702 1541 2740 29
1572 2710 1726 2751 grave-

131 2753 245 2796 dine.
363 2759 414 2796 30
446 2757 712 2809 tragantum.
827 2756 1014 2797 tenetur.
