1930 3008
874 97 1332 188 —352-r

267 267 519 327 praecipue
557 265 642 312 hac
681 266 875 312 medella
911 267 1194 328 extirpatur:
1231 267 1357 313 Auro
1396 267 1603 315 fervente
1635 270 1861 316 circuitus

269 349 433 381 eorum
478 335 658 382 urendo
705 336 997 399 designatum
1051 336 1174 397 quod
1226 338 1381 398 potius
1426 342 1498 383 est
1542 352 1648 385 cum
1701 338 1860 386 dolore

267 406 468 451 maximo
512 405 566 451 ad
612 413 899 452 momentum
945 406 1068 452 ferre
1108 420 1247 466 quam
1282 408 1540 454 inveterato
1579 409 1716 455 etiam
1755 423 1859 455 can-

268 476 487 521 cromatis
525 475 687 521 inorbo
725 490 892 522 noxam
929 481 1183 537 perpetuae
1222 475 1474 523 debilitatis
1511 478 1767 524 incurrere.

181 548 235 586 49
407 544 549 590 Urina
593 544 708 591 muli
751 545 823 591 vel
866 545 1016 592 mulae
1062 545 1133 591 vel
1171 547 1289 592 asini
1327 561 1433 592 cum
1471 561 1556 593 suo
1594 547 1691 594 luto
1728 547 1901 595 inlitas

181 617 235 656 50
267 621 314 660 et
351 614 502 661 clavos
541 613 693 661 abolet
728 621 774 661 et
805 615 933 661 callis
963 615 1191 662 medetur.
1251 615 1411 662 Fimus
1443 618 1598 663 ovium
1628 619 1859 678 inpositus

264 683 338 730 vel
374 684 575 730 lacertae
613 686 745 731 iecur
775 690 855 731 aut
885 686 1074 746 sanguis
1105 686 1154 731 in
1184 685 1338 732 lanula
1367 686 1625 746 adplicatus
1656 686 1725 733 vel
1758 689 1858 748 ipsa

264 753 438 800 lacerta
483 760 670 800 exsecta
714 754 924 816 adposita
965 754 1201 802 clavorum
1238 757 1360 802 intra
1397 756 1606 803 triduum
1643 771 1856 817 perseve-

263 825 462 870 rantiam
499 823 631 870 tollit.

181 896 231 934 51
404 893 588 940 Fimum
627 893 945 940 columbinum
985 909 1038 940 ex
1089 901 1218 941 aceto
1263 901 1446 942 coctum
1492 902 1539 942 et
1582 898 1628 942 in
1667 896 1855 943 modum
1881 912 1920 942 10

266 962 553 1023 malagmatis
605 963 850 1010 subactum
902 970 1041 1025 atque
1093 965 1356 1026 adpositum
1408 965 1463 1011 ad
1517 967 1670 1012 omnia
1716 981 1857 1027 supra

181 1037 234 1075 52
267 1034 442 1093 scripta
480 1033 781 1079 utilissimum
819 1047 922 1079 esse
960 1042 1155 1081 constat.
1210 1034 1371 1081 Fimus
1408 1036 1510 1095 apri
1546 1035 1618 1081 vel
1649 1037 1746 1082 suis
1778 1036 1856 1082 do-

262 1104 447 1148 mestici
483 1117 650 1149 recens
686 1104 919 1163 inpositus
958 1109 1003 1149 et
1038 1111 1145 1164 post
1173 1106 1366 1150 tertium
1397 1104 1518 1150 diem
1550 1105 1730 1152 solutus
1761 1106 1856 1152 effi-

177 1176 231 1214 53
263 1174 436 1218 caciter
475 1172 643 1235 clavos,
680 1186 902 1218 verrucas
940 1181 986 1219 et
1023 1173 1163 1220 callos
1201 1174 1363 1220 aufert.
1425 1173 1474 1220 Si
1511 1189 1650 1235 supra
1689 1175 1856 1222 callum

260 1241 374 1287 alica
413 1256 469 1287 ex
507 1256 645 1302 posca
685 1247 816 1288 cocta
852 1256 937 1302 per
974 1243 1184 1290 triduum
1222 1245 1390 1306 utaris,
1437 1245 1535 1290 sine
1581 1244 1853 1292 difficultate
1878 1259 1919 1291 15

260 1310 507 1374 sanabere,
554 1313 692 1358 etiam
739 1313 778 1357 si
815 1313 949 1358 urina
989 1314 1116 1359 canis
1153 1315 1348 1374 virginis
1386 1328 1492 1360 cum
1530 1328 1614 1360 suo
1652 1314 1749 1362 luto
1786 1317 1854 1361 in-

258 1382 411 1441 posita
450 1381 591 1428 callos
629 1396 944 1442 verrucasque
983 1385 1229 1446 consumit,
1266 1389 1359 1430 tam
1399 1383 1478 1429 diu
1517 1390 1671 1430 tamen
1707 1384 1854 1431 inalli-

174 1457 227 1494 54
258 1456 382 1514 gata,
429 1451 650 1512 quamdiu
695 1465 773 1497 eas
819 1454 1035 1499 excutiat.
1103 1452 1273 1499 Tribus
1311 1453 1440 1500 fabae
1478 1455 1634 1514 granis
1672 1453 1851 1501 clavum

255 1523 432 1581 tangito
471 1535 618 1582 eaque
656 1522 705 1566 in
743 1522 1015 1568 sterculinio
1055 1523 1280 1583 defodito,
1326 1537 1384 1569 ne
1422 1525 1606 1570 renasci
1646 1525 1848 1587 possint;

256 1596 429 1650 quanto
460 1592 692 1637 maturius
720 1594 1095 1655 conputruerint,
1126 1598 1255 1639 tanto
1280 1592 1480 1640 celerius
1504 1593 1657 1640 clavos
1681 1600 1847 1654 sponte
1871 1609 1912 1639 20

255 1659 473 1706 decidere
511 1659 769 1707 miraberis.

170 1738 224 1775 55
397 1729 579 1792 Clavos,
625 1731 706 1791 qui
750 1733 799 1777 in
843 1731 1052 1778 articulis
1099 1738 1511 1792 supercrescentes
1549 1732 1733 1779 dolores
1772 1747 1848 1779 ex-

252 1798 418 1846 hibere
456 1806 760 1864 consuerunt,
797 1801 941 1847 incidi
971 1801 1043 1847 vel
1072 1802 1171 1848 radi
1203 1801 1257 1848 ad
1289 1803 1442 1848 vivum
1474 1808 1670 1863 oportet,
1707 1809 1848 1863 prout

257 1871 363 1929 quis
401 1871 497 1930 pati
533 1872 753 1932 potuerit,
793 1876 932 1931 atque
971 1871 1028 1917 de
1065 1871 1238 1932 lupinis
1276 1872 1434 1918 crudis
1471 1874 1603 1933 prius
1641 1872 1845 1918 decoria-

252 1940 314 1985 tis
352 1939 549 1985 farinam
586 1940 752 1986 factam
792 1940 1010 2001 subigere
1048 1956 1154 1988 cum
1192 1941 1328 1988 melle
1366 1948 1412 1988 et
1449 1941 1686 2003 emplastri
1716 1956 1845 1990 more
1868 1957 1909 2000 25

252 2023 585 2070 superponere.

166 2088 219 2125 56
393 2077 596 2125 Subraso
643 2079 769 2126 clavo
815 2079 987 2127 calcem
1035 2081 1182 2126 vivam
1226 2082 1352 2126 visco
1398 2080 1635 2127 subactam
1673 2083 1843 2142 inpone

167 2156 219 2196 57
252 2153 298 2193 et
321 2147 562 2195 linteolum
587 2149 878 2211 superalliga,
909 2152 1001 2196 cito
1032 2150 1295 2196 medebere.
1333 2150 1739 2211 Auripigmentum
1764 2153 1843 2197 tri-

251 2222 350 2263 tum
391 2224 437 2264 et
474 2219 678 2264 resinam
716 2219 1077 2266 terebinthinam
1116 2220 1364 2281 liquefacta
1402 2221 1457 2267 ad
1489 2220 1841 2267 similitudinem

165 2296 218 2334 58
250 2289 399 2333 ceroti
428 2289 599 2349 inpone
631 2288 832 2335 clavellis
856 2291 987 2350 prius
1012 2290 1210 2352 derasis3
1241 2291 1358 2336 mire
1380 2290 1604 2351 proderit.
1655 2289 1840 2336 Urticae
1863 2305 1904 2335 30

247 2356 393 2419 radix,
425 2357 625 2404 medulla
656 2359 862 2420 caprifici
894 2365 940 2405 et
970 2358 1055 2405 flos
1087 2359 1347 2406 chalcitidis
1377 2361 1479 2420 pari
1500 2359 1706 2420 pondere
1732 2374 1839 2406 con-

247 2431 482 2473 teruntur.
535 2427 659 2474 Haec
691 2428 831 2475 simul
853 2430 994 2475 mixta
1018 2429 1119 2476 loco
1144 2428 1322 2476 clavelli
1345 2443 1634 2489 superpones
1659 2437 1704 2475 et
1727 2429 1837 2490 liga·

245 2494 332 2557 bis,
360 2497 433 2543 die
457 2499 595 2543 tertia
620 2498 783 2560 solves,
813 2500 969 2545 statim
994 2499 1191 2561 decidet,
1214 2498 1285 2544 vel
1310 2500 1349 2545 si
1371 2498 1522 2544 adhuc
1547 2500 1838 2561 remanserit,

244 2566 411 2612 iterato
449 2569 646 2627 inpones
685 2575 732 2614 et
762 2568 919 2615 triduo
950 2568 1043 2615 illic
1075 2568 1466 2615 medicamentum
1497 2582 1599 2614 esse
1631 2570 1835 2629 patieris.

245 2785 295 2821 Ὢ
353 2732 408 2822 l3
438 2732 782 2823 rfiunomentum.
940 2734 992 2771 29
1023 2729 1348 2772 terebintinam.
1501 2734 1552 2772 31
1586 2730 1833 2773 cachitidiS.

244 2802 255 2822 ε
327 2795 350 2824 6
371 2796 451 2825 ave
491 2798 539 2825 m.
