1930 3008
776 87 1155 138 —271—

302 217 372 264 Ad
403 215 633 264 calculum
663 218 791 278 potio
822 215 1023 263 salubris
1054 215 1302 263 conficitur
1333 217 1422 263 sic:
1454 215 1623 262 Semen
1647 217 1753 278 apii,
1766 230 1844 269 135

164 287 379 351 libystici,
416 286 622 349 feniculi,
657 286 818 333 'anethi
855 287 1016 348 aequis
1054 286 1289 333 mensuris
1331 286 1495 333 tritum
1533 286 1760 333 miscetur

163 364 210 405 et
246 357 418 404 herbae
458 357 714 418 saxifragae
752 370 895 418 grana
932 355 990 420 V3
1036 357 1212 403 cumini
1249 369 1391 416 grana
1429 357 1538 418 tria,
1582 357 1759 418 piperis

162 441 304 489 grana
334 426 385 490 V,
422 427 653 474 verbenae
691 426 798 473 folia
834 427 926 473 tria
963 433 1009 474 et
1045 426 1154 473 salis
1191 425 1515 487 permodicum
1545 425 1758 473 adicitur.

118 512 138 543 5
163 497 231 543 Ex
256 496 473 544 omnihus
497 503 652 544 autem
676 496 933 544 seminibus
958 511 1099 558 supra
1123 497 1311 557 scriptis
1334 495 1590 556 aequaliter
1615 510 1757 557 quan-

162 574 263 614 tum
307 566 460 614 tribus
508 567 686 630 digitis,
730 567 777 613 id
826 573 899 613 est
941 566 1109 628 pollice
1154 572 1202 613 et
1238 565 1295 612 ab
1333 565 1497 612 eodem
1534 567 1674 612 tertio
1713 573 1759 612 et

161 643 342 700 quarto,
379 636 522 683 levari
557 642 728 698 potest,
765 637 981 699 mittitur,
1019 636 1186 683 deinde
1223 642 1444 683 teruntur
1474 637 1626 682 omnia
1658 635 1758 682 dili-

160 712 346 769 genter3
389 712 551 767 postea
589 706 790 752 adicitur
827 708 1015 752 caroeni
1053 707 1218 768 optimi
1253 707 1381 767 potio
1420 705 1622 767 grandis.
1688 705 1757 752 Ad

159 776 278 823 hanc
324 790 434 822 sane
478 777 716 837 potionem
761 775 1047 822 miscendam
1097 776 1280 822 radices
1328 789 1657 836 asparagorum
1712 781 1759 822 et

97 861 138 892 10
160 847 254 907 apii
291 851 338 892 et
374 845 532 892 anethi
576 852 621 892 et
662 844 856 892 feniculi
892 844 1013 892 lotae
1052 845 1406 906 diligentissime
1443 847 1493 891 in
1530 847 1757 892 sextarios

159 929 306 977 aquae
336 916 510 962 nitidae
539 917 806 978 mittuntur,
836 914 901 962 ita
931 922 984 962 ut
1014 915 1195 962 radices
1221 916 1351 976 ipsae
1375 920 1594 975 tegantur
1625 929 1757 977 aqua,

159 992 300 1047 atque
344 987 394 1031 in
439 985 527 1031 olla
571 986 679 1032 rudi
724 990 992 1046 coquuntur
1036 985 1092 1032 ad
1137 986 1314 1031 tertias.
1381 983 1450 1030 Ex
1487 986 1588 1045 ipsa
1626 999 1758 1048 aqua,

160 1055 243 1102 sed
289 1055 435 1102 calida
477 1055 717 1102 miscenda
761 1057 888 1115 potio
934 1057 1124 1102 caroeni
1164 1062 1210 1102 et
1247 1055 1517 1115 accipienda
1554 1069 1639 1115 per
1675 1056 1756 1101 tri-

160 1125 326 1186 duum,
371 1125 612 1172 sufficiunt
653 1131 809 1172 autem
847 1125 938 1171 duo
975 1125 1116 1172 huius
1154 1139 1300 1186 aquae
1338 1125 1529 1171 sextarii
1566 1124 1621 1170 ad
1660 1131 1758 1171 tres

97 1211 136 1241 15
161 1196 350 1242 caroeni
386 1195 666 1242 maiusculas
703 1196 931 1256 potiones.
1000 1195 1091 1241 Sed
1131 1196 1171 1241 si
1208 1196 1464 1240 necessitas
1495 1195 1757 1255 praesentis

160 1265 335 1312 doloris
367 1267 589 1328 exegerit,
620 1279 704 1327 per
735 1265 944 1311 triduum
975 1267 1251 1311 continuum
1282 1263 1537 1327 dabuntur3
1577 1265 1617 1310 si
1646 1278 1756 1310 vero

159 1336 264 1396 quis
307 1336 470 1382 timeat
513 1335 836 1382 tantummodo
881 1334 1066 1381 dolores
1112 1349 1252 1395 supra
1299 1335 1501 1394 scriptos
1554 1340 1633 1381 aut
1677 1333 1756 1380 ali-

160 1404 344 1466 quando
382 1405 648 1467 pertulerit,
693 1406 891 1465 accipiet
935 1407 1075 1451 etiam
1120 1419 1260 1451 sanus
1297 1404 1386 1450 hoc
1424 1403 1559 1450 modo
1598 1409 1756 1450 vetere

158 1474 267 1521 luna
318 1481 415 1524 tres
467 1480 647 1522 tantum
700 1474 853 1522 tribus
904 1474 1145 1522 mensibus
1199 1473 1404 1535 singulas
1449 1475 1663 1534 potiones
1710 1480 1757 1520 et

95 1560 134 1591 20
157 1545 331 1606 iugiter
369 1551 531 1592 contra
567 1545 693 1592 hunc
731 1544 948 1592 morbum
986 1546 1077 1591 erit
1113 1550 1244 1591 tutus
1282 1550 1328 1591 et
1366 1558 1520 1590 sanus.

788 1698 909 1745 CAP.
949 1698 1127 1745 XXVII.

159 1785 382 1838 cyliaois
420 1788 475 1828 et
512 1786 846 1838 dysintericis
884 1789 939 1829 et
973 1786 1281 1829 torminosis
1319 1787 1374 1827 et
1407 1786 1475 1827 ad
1505 1783 1757 1828 intestina.

157 1857 318 1909 rupta
363 1857 416 1898 et
463 1857 533 1898 ad
576 1856 814 1899 internos
859 1857 1075 1899 morbos
1116 1858 1279 1910 atque
1317 1854 1756 1897 incontinentiam

218 1925 468 1969 stercoris
503 1926 739 1969 remedia.
774 1926 994 1980 physica
1031 1928 1085 1968 et
1120 1925 1454 1968 rationabilia
1491 1924 1699 1967 diversa

717 1995 783 2038 de
820 1994 1193 2050 expermentis.

298 2101 515 2149 Pastillus
562 2103 619 2149 ad
665 2103 892 2150 coeliacos
938 2111 984 2150 et
1024 2105 1306 2150 torminosos
1344 2103 1518 2163 optime
1555 2102 1752 2149 faciens:
1786 2118 1806 2154 1

159 2172 367 2235 Acaciae,
397 2172 609 2234 balausti,
639 2174 685 2220 id
718 2179 790 2220 est
819 2173 927 2220 mali
957 2175 1151 2235 granati,
1183 2173 1307 2234 quod
1339 2174 1522 2234 cytinus
1550 2178 1752 2234 vocatur,

159 2256 364 2306 germen,
402 2248 649 2304 antequam
686 2243 915 2304 florescat,
952 2242 1284 2305 hypocistidos,
1322 2244 1431 2304 opii,
1461 2241 1753 2302 singulorum

160 2311 375 2359 denarios
414 2314 601 2375 quinos,
640 2313 821 2375 alterci,
859 2320 1014 2360 cretae
1054 2313 1249 2375 Samiae,
1287 2312 1577 2374 singulorum
1615 2311 1752 2358 dena-

98 2395 137 2426 25
160 2382 256 2428 rios
293 2396 444 2429 senos.
493 2382 576 2429 His
613 2382 732 2429 bene
771 2385 922 2430 tunsis
954 2389 1000 2430 et
1030 2385 1171 2430 cretis
1203 2397 1259 2429 ex
1290 2384 1395 2428 vino
1426 2387 1604 2443 myrteo
1636 2382 1754 2428 fiunt

302 2519 326 2556 2
356 2515 553 2559 libistici.
629 2523 652 2559 3
685 2530 822 2570 grana,
854 2517 912 2572 V]
944 2516 1134 2571 granati.
1221 2516 1326 2571 tria]
1358 2518 1461 2559 tres.
1531 2519 1556 2556 8
1588 2515 1751 2569 caryni.

164 2575 213 2612 13
245 2571 405 2624 caryni.
524 2576 575 2614 14
606 2572 894 2615 sufficiuntur.
1012 2578 1063 2615 15
1097 2573 1261 2627 earyni.

300 2627 391 2668 m..-
420 2626 628 2671 internus.

301 2686 352 2723 21
385 2682 583 2739 celiacos.
706 2689 758 2726 22
791 2684 966 2738 cytinus
996 2685 1173 2738 scripsi:
1204 2685 1415 2737 cytinum.
1530 2688 1581 2726 23
1612 2684 1750 2737 hypo-

162 2737 368 2793 cystidos.
483 2743 537 2781 24
568 2741 846 2784 denariorum
876 2742 989 2796 (bis).
1106 2741 1274 2784 samite.
