1930 3008
733 96 1109 147 —321—

128 225 333 290 pondera
375 231 423 272 et
458 226 577 273 fiunt
614 224 832 288 turundi,
869 225 950 286 qui
986 222 1201 271 similiter
1238 223 1293 270 ad
1331 223 1578 272 laxandum
1615 240 1723 272 ven-

128 304 248 344 trem
271 310 358 342 ano
382 296 655 342 iniciuntur.
701 293 852 342 Sucus
875 293 1084 341 hastulae
1107 294 1263 354 regiae
1287 293 1520 341 admixtus
1544 295 1718 342 farinae
1751 306 1808 343 32

128 381 185 413 ex
221 367 401 428 triticO,
442 364 609 412 deinde
647 362 869 412 subactus
906 365 955 410 in
991 365 1125 425 panis
1162 362 1353 410 modum
1390 370 1437 411 et
1473 370 1636 412 coctus
1673 367 1722 412 in

126 435 265 483 furno
310 442 447 496 atque
492 436 594 481 esui
636 434 772 482 datus
815 438 985 496 purgat
1027 433 1146 480 bene
1191 439 1416 481 ventrem.
1482 433 1722 497 Epithymi
1752 445 1805 483 33

0 531 10 563 ῃ
81 519 104 552 5
127 505 167 552 X
196 504 290 567 VII,
327 505 435 552 salis
466 504 504 550 X
535 503 571 550 V
607 506 657 551 in
694 517 812 566 aqua
849 503 998 550 mulsa
1031 505 1072 550 si
1099 504 1234 565 potui
1264 503 1465 567 dederis,
1502 506 1721 566 pituitam

127 581 174 622 et
210 574 350 622 bilem
388 589 574 621 omnem
610 588 694 635 per
731 579 943 621 ventrem
983 573 1215 620 detrahes.

265 645 511 706 Agaricum
542 643 745 691 detrahit
772 658 858 705 per
887 649 1099 690 ventrem
1129 644 1334 704 spissum
1367 649 1413 690 et
1444 649 1721 706 corruptum
1751 654 1808 692 34

128 728 351 776 umorem,
388 715 522 761 cuius
560 719 613 760 ut
648 713 903 774 plurimum
937 713 1107 760 dantur
1138 713 1318 759 denarii
1348 712 1440 760 duo
1472 728 1580 760 cum
1611 713 1720 760 salis

125 783 327 830 denariis
364 782 547 830 duobus
585 783 776 844 potandi
814 797 870 829 ex
899 782 1077 830 mulsae
1107 782 1270 844 gluttis
1300 781 1350 829 V.
1409 783 1599 830 Minime
1630 783 1720 830 hoc

60 871 102 902 10
126 852 384 900 remedium
438 852 728 900 stomachum
779 851 919 900 laedit
964 866 1244 914 omnemque
1295 859 1464 914 purgat
1507 867 1722 900 umorem

0 923 2 926 ’
123 937 277 984 neque
322 924 597 984 sanguinem
643 924 904 984 corrumpit
948 936 1034 969 nec
1079 923 1120 968 si
1165 936 1282 983 quae
1324 928 1482 983 partes
1520 924 1721 970 interius

123 998 326 1054 tument,
365 993 621 1055 exulcerat,
659 1006 822 1039 verum
860 994 1000 1039 etiam
1037 991 1244 1055 adiuvat3
1288 992 1482 1052 prodest
1527 998 1574 1039 et
1609 994 1721 1039 ioci-

124 1064 251 1109 neris
294 1062 557 1109 tumorihus
602 1068 649 1109 et
692 1076 809 1123 quos
854 1062 1019 1109 Graeci
1068 1057 1512 1124 περιπλευμονικοὺς
1562 1062 1720 1125 appel-

124 1132 234 1178 lant.
293 1131 582 1195 Cucumeris,
621 1146 712 1193 quo
750 1133 995 1194 vescimur,
1034 1132 1226 1178 seminis
1264 1131 1458 1192 cyathus
1495 1133 1637 1179 tritus
1671 1138 1719 1179 et
1749 1143 1804 1182 35

0 1231 7 1262 ·,
62 1218 102 1250 15
126 1215 299 1248 nucum
336 1203 580 1263 pinearum
614 1207 916 1263 purgatarum
948 1201 1142 1263 cyathus
1174 1202 1405 1248 contritus
1436 1206 1483 1248 et
1514 1201 1581 1248 sal
1611 1217 1719 1249 cum

124 1271 258 1318 melle
297 1272 453 1334 tritus,
489 1273 538 1318 in
574 1285 720 1318 unum
753 1272 901 1318 mixta
937 1271 1052 1318 haec
1083 1270 1268 1317 solvunt
1303 1277 1525 1334 ventrem,
1563 1270 1719 1319 febres

124 1355 309 1402 quoque
354 1341 653 1388 advenientes
702 1342 991 1403 inminuunt,
1036 1355 1221 1387 morsus
1267 1340 1494 1387 stomachi
1542 1341 1719 1404 sedant,

123 1425 254 1458 acres
291 1410 499 1472 liquores
537 1409 748 1472 hilesque
785 1412 1062 1472 reprimunt.

263 1479 395 1542 Aqua
432 1480 579 1527 mulsa
616 1495 674 1526 ex
710 1479 845 1526 melle
880 1481 1026 1527 crudo
1056 1485 1165 1541 pota
1195 1485 1405 1526 ventrem
1436 1486 1604 1544 movet,
1643 1495 1718 1528 ex·
1749 1493 1804 1532 36

60 1566 102 1596 20
125 1555 286 1597 tenuat
329 1549 578 1612 glutinosa,
623 1549 731 1596 lieni
777 1549 991 1613 prodest,
1035 1549 1195 1596 eadem
1240 1551 1476 1596 intestinis
1512 1557 1720 1612 praestat

125 1619 382 1666 remedium
420 1625 466 1666 et
502 1621 646 1682 venis,
685 1633 803 1680 quae
842 1626 953 1666 sunt
988 1621 1038 1666 in
1074 1621 1286 1680 proximo
1324 1621 1449 1666 circa
1482 1621 1718 1683 intestina,

122 1688 357 1751 medetur,
394 1688 600 1751 liquores
638 1691 792 1751 etiam,
830 1691 911 1750 qui
947 1689 1158 1750 pulmoni
1195 1689 1407 1736 insidunt
1444 1695 1492 1736 et
1529 1690 1718 1737 difficile

123 1765 423 1821 excreantur,
469 1758 679 1822 depellit,
724 1759 805 1805 sed
851 1759 1088 1806 stomacho
1134 1761 1289 1820 aptius
1335 1765 1406 1805 est
1451 1759 1542 1805 mel
1586 1765 1717 1807 aceto

122 1829 333 1890 mixtum,
370 1830 524 1875 minus
562 1830 686 1875 enim
723 1828 873 1892 inflat3
911 1829 1145 1875 efficacior
1183 1835 1255 1875 est
1288 1835 1443 1875 tamen
1474 1829 1718 1877 umoribus

59 1914 100 1944 25
123 1912 241 1959 aqua
286 1897 454 1960 mulsa3
498 1899 644 1959 magis
689 1899 814 1944 enim
858 1904 1079 1946 extenuat
1122 1898 1329 1960 liquores
1375 1904 1422 1945 et
1464 1900 1718 1946 iucundius

125 1968 340 2014 sumitur.

263 2036 558 2084 Absinthium
602 2043 765 2098 potum
809 2045 963 2085 movet
1000 2037 1141 2084 bilem
1177 2039 1375 2084 maxime
1413 2039 1610 2086 iocineri
1646 2040 1715 2086 in·
1747 2051 1802 2090 37

123 2105 372 2169 sidentem,
415 2113 600 2154 coctum
640 2106 827 2168 quidem
865 2122 970 2154 cum
1009 2122 1127 2169 aqua
1164 2110 1285 2154 sumi
1323 2107 1480 2170 dehet3
1526 2123 1632 2155 nam
1671 2115 1719 2155 et

122 2190 207 2236 per
245 2178 427 2223 urinam
465 2182 512 2223 et
549 2191 632 2238 per
670 2183 880 2223 ventrem
918 2177 1196 2224 cruditatem
1235 2192 1420 2224 omnem
1450 2177 1640 2225 deducit
1670 2185 1718 2225 et

59 2261 100 2293 σο
124 2246 360 2293 stomacho
407 2246 661 2308 opitulatur
706 2252 752 2293 et
797 2248 1070 2307 sanguinem
1115 2250 1310 2310 spargit3
1356 2249 1490 2294 cuius
1535 2262 1717 2294 summa

122 2317 249 2376 potio
281 2323 352 2363 est
382 2315 421 2362 X
454 2315 509 2361 VI
541 2331 647 2363 cum
679 2315 786 2363 salis
823 2316 862 2362 X
885 2316 962 2380 111,
992 2316 1141 2363 mellis
1172 2317 1337 2379 cyatho
1366 2331 1461 2363 uno
1493 2322 1540 2364 et
1570 2332 1716 2379 aquae

125 2388 347 2449 sextari03
386 2386 467 2432 sed
506 2388 546 2432 si
582 2388 727 2447 magis
765 2386 932 2448 aliquis
969 2386 1121 2433 alvum
1160 2389 1304 2434 citare
1341 2386 1560 2451 voluerit,
1606 2387 1716 2434 salis

127 2452 166 2498 X
195 2453 275 2500 VII
310 2455 565 2503 admiscere
605 2455 755 2503 debet.

266 2579 290 2615 2
320 2575 538 2631 hastulae]
578 2576 703 2618 astla.
904 2581 927 2618 5
959 2578 1079 2630 potu.
1266 2581 1290 2619 9
1328 2577 1504 2632 gluttis]
1544 2578 1714 2632 cyathis

127 2629 380 2672 Cornarius.
506 2633 708 2675 menime.
840 2636 891 2674 13
924 2636 968 2674 et
997 2633 1127 2688 quos]
1158 2645 1281 2685 quos,
1407 2632 1713 2687 pleumoticos.

128 2689 179 2727 16
211 2685 448 2729 solvuntur.
566 2692 617 2730 18
649 2689 788 2744 acres]
822 2689 947 2731 aeris.
1063 2693 1116 2730 20
1146 2687 1406 2742 gluttinosa.
1509 2694 1563 2732 24
1592 2703 1715 2732 umo-

124 2741 242 2782 ribus
274 2745 350 2783 1m
377 2741 408 2782 h
438 2743 536 2785 add.
567 2747 647 2787 2m
675 2757 812 2798 supra
843 2746 919 2787 lin.
1035 2748 1088 2787 25
1118 2743 1358 2787 iocundius.

207 2819 462 2858 MARCELLUS‚
486 2828 547 2853 ΕΙ).
569 2821 812 2855 Hnmmmcn.
1407 2819 1459 2858 21
