<?xml version="1.0" encoding="UTF-8"?>
<!DOCTYPE html PUBLIC "-//W3C//DTD XHTML 1.0 Transitional//EN"
    "http://www.w3.org/TR/xhtml1/DTD/xhtml1-transitional.dtd">
<html xmlns="http://www.w3.org/1999/xhtml" xml:lang="en" lang="en">
 <head>
  <title>
</title>
<meta http-equiv="Content-Type" content="text/html;charset=utf-8" />
  <meta name='ocr-system' content='tesseract 3.04.00' />
  <meta name='ocr-capabilities' content='ocr_page ocr_carea ocr_par ocr_line ocrx_word'/>
</head>
<body>
  <div class='ocr_page' id='page_1' title='image "./demedicamentisli00marcuoft_0322.png"; bbox 0 0 1930 3008; ppageno 0'>
   <div class='ocr_carea' id='block_1_1' title="bbox 828 0 1930 211">
    <p class='ocr_par' dir='ltr' id='par_1_1' title="bbox 828 0 1930 211">
     <span class='ocr_line' id='line_1_1' title="bbox 828 0 1930 211; baseline 0.001 -34"><span class='ocrx_word' id='word_1_1' title='bbox 828 127 1211 177; x_wconf 83' lang='lat'>-310-</span> <span class='ocrx_word' id='word_1_2' title='bbox 1631 106 1633 108; x_wconf 76' lang='grc'><strong>’</strong></span> <span class='ocrx_word' id='word_1_3' title='bbox 1891 0 1930 211; x_wconf 55' lang='lat'><strong>3}</strong></span> 
     </span>
    </p>
   </div>
   <div class='ocr_carea' id='block_1_2' title="bbox 219 253 1816 305">
    <p class='ocr_par' dir='ltr' id='par_1_2' title="bbox 219 253 1816 305">
     <span class='ocr_line' id='line_1_2' title="bbox 219 253 1816 305; baseline 0.003 -4"><span class='ocrx_word' id='word_1_4' title='bbox 219 256 312 302; x_wconf 89' lang='lat' dir='ltr'><strong>ciet</strong></span> <span class='ocrx_word' id='word_1_5' title='bbox 356 253 640 302; x_wconf 78' lang='lat' dir='ltr'><strong>observabis,</strong></span> <span class='ocrx_word' id='word_1_6' title='bbox 707 254 768 302; x_wconf 91' lang='lat' dir='ltr'><strong>Hi</strong></span> <span class='ocrx_word' id='word_1_7' title='bbox 813 261 923 303; x_wconf 90' lang='lat' dir='ltr'><strong>sunt</strong></span> <span class='ocrx_word' id='word_1_8' title='bbox 968 255 1264 303; x_wconf 82' lang='lat' dir='ltr'><strong>characteres</strong></span> <span class='ocrx_word' id='word_1_9' title='bbox 1309 255 1546 304; x_wconf 89' lang='lat' dir='ltr'><strong>scribendi</strong></span> <span class='ocrx_word' id='word_1_10' title='bbox 1589 259 1639 304; x_wconf 91' lang='lat' dir='ltr'><strong>in</strong></span> <span class='ocrx_word' id='word_1_11' title='bbox 1676 271 1816 305; x_wconf 88' lang='lat' dir='ltr'><strong>aurea</strong></span> 
     </span>
    </p>
   </div>
   <div class='ocr_carea' id='block_1_3' title="bbox 217 325 1389 514">
    <p class='ocr_par' dir='ltr' id='par_1_3' title="bbox 217 325 1389 514">
     <span class='ocr_line' id='line_1_3' title="bbox 217 325 407 372; baseline 0.005 -1"><span class='ocrx_word' id='word_1_12' title='bbox 217 325 407 372; x_wconf 85' lang='lat' dir='ltr'><strong>lamina:</strong></span> 
     </span>
     <span class='ocr_line' id='line_1_4' title="bbox 646 396 1389 443; baseline 0.001 -1"><span class='ocrx_word' id='word_1_13' title='bbox 646 396 682 442; x_wconf 95' lang='lat' dir='ltr'>L</span> <span class='ocrx_word' id='word_1_14' title='bbox 762 399 817 442; x_wconf 81' lang='grc' dir='ltr'><strong>Ψ</strong></span> <span class='ocrx_word' id='word_1_15' title='bbox 881 399 948 442; x_wconf 92' lang='grc' dir='ltr'><strong><em>Μ</em></strong></span> <span class='ocrx_word' id='word_1_16' title='bbox 1017 397 1057 443; x_wconf 89' lang='grc' dir='ltr'>Θ</span> <span class='ocrx_word' id='word_1_17' title='bbox 1131 399 1175 443; x_wconf 92' lang='grc' dir='ltr'><strong><em>Κ</em></strong></span> <span class='ocrx_word' id='word_1_18' title='bbox 1247 400 1278 443; x_wconf 89' lang='lat' dir='ltr'><em>I</em></span> <span class='ocrx_word' id='word_1_19' title='bbox 1342 400 1389 443; x_wconf 89' lang='lat' dir='ltr'><em>A</em></span> 
     </span>
     <span class='ocr_line' id='line_1_5' title="bbox 646 465 1389 514; baseline 0.003 -2"><span class='ocrx_word' id='word_1_20' title='bbox 646 465 683 512; x_wconf 95' lang='lat' dir='ltr'>L</span> <span class='ocrx_word' id='word_1_21' title='bbox 763 468 818 512; x_wconf 82' lang='grc' dir='ltr'><strong>Ψ</strong></span> <span class='ocrx_word' id='word_1_22' title='bbox 881 469 947 512; x_wconf 90' lang='grc' dir='ltr'><strong><em>Μ</em></strong></span> <span class='ocrx_word' id='word_1_23' title='bbox 1018 467 1057 513; x_wconf 88' lang='grc' dir='ltr'>Θ</span> <span class='ocrx_word' id='word_1_24' title='bbox 1132 469 1175 513; x_wconf 90' lang='grc' dir='ltr'><strong><em>Κ</em></strong></span> <span class='ocrx_word' id='word_1_25' title='bbox 1247 469 1278 513; x_wconf 88' lang='lat' dir='ltr'><em>I</em></span> <span class='ocrx_word' id='word_1_26' title='bbox 1342 471 1389 514; x_wconf 89' lang='lat' dir='ltr'><em>A</em></span> 
     </span>
    </p>
   </div>
   <div class='ocr_carea' id='block_1_4' title="bbox 134 535 1861 810">
    <p class='ocr_par' dir='ltr' id='par_1_4' title="bbox 134 535 1861 810">
     <span class='ocr_line' id='line_1_6' title="bbox 646 535 1861 584; baseline 0.002 -3"><span class='ocrx_word' id='word_1_27' title='bbox 646 535 683 581; x_wconf 94' lang='lat' dir='ltr'>L</span> <span class='ocrx_word' id='word_1_28' title='bbox 762 538 817 582; x_wconf 81' lang='grc' dir='ltr'><strong>Ψ</strong></span> <span class='ocrx_word' id='word_1_29' title='bbox 879 538 947 582; x_wconf 92' lang='grc' dir='ltr'><strong><em>Μ</em></strong></span> <span class='ocrx_word' id='word_1_30' title='bbox 1017 537 1057 583; x_wconf 89' lang='grc' dir='ltr'>Θ</span> <span class='ocrx_word' id='word_1_31' title='bbox 1129 539 1174 583; x_wconf 88' lang='lat' dir='ltr'><strong><em>K</em></strong></span> <span class='ocrx_word' id='word_1_32' title='bbox 1245 539 1277 583; x_wconf 87' lang='lat' dir='ltr'><strong><em>I</em></strong></span> <span class='ocrx_word' id='word_1_33' title='bbox 1341 540 1400 584; x_wconf 87' lang='lat' dir='ltr'><strong>A.</strong></span> <span class='ocrx_word' id='word_1_34' title='bbox 1841 551 1861 583; x_wconf 84' lang='lat'><strong>5</strong></span> 
     </span>
     <span class='ocr_line' id='line_1_7' title="bbox 134 605 1822 667; baseline 0.002 -15"><span class='ocrx_word' id='word_1_35' title='bbox 134 614 187 652; x_wconf 81' lang='lat'><strong>27</strong></span> <span class='ocrx_word' id='word_1_36' title='bbox 359 605 583 667; x_wconf 89' lang='lat' dir='ltr'><strong>Leporini</strong></span> <span class='ocrx_word' id='word_1_37' title='bbox 626 607 850 652; x_wconf 84' lang='lat' dir='ltr'><strong>stercoris</strong></span> <span class='ocrx_word' id='word_1_38' title='bbox 895 605 1063 667; x_wconf 85' lang='lat' dir='ltr'>pilulas</span> <span class='ocrx_word' id='word_1_39' title='bbox 1110 612 1290 667; x_wconf 81' lang='lat' dir='ltr'><strong>septem</strong></span> <span class='ocrx_word' id='word_1_40' title='bbox 1327 612 1428 653; x_wconf 88' lang='lat' dir='ltr'><strong>tere</strong></span> <span class='ocrx_word' id='word_1_41' title='bbox 1467 613 1513 654; x_wconf 93' lang='lat' dir='ltr'><strong>et</strong></span> <span class='ocrx_word' id='word_1_42' title='bbox 1550 622 1657 655; x_wconf 87' lang='lat' dir='ltr'><strong>cum</strong></span> <span class='ocrx_word' id='word_1_43' title='bbox 1695 608 1822 656; x_wconf 89' lang='lat' dir='ltr'><strong>dulci</strong></span> 
     </span>
     <span class='ocr_line' id='line_1_8' title="bbox 217 675 1280 737; baseline 0.001 -15"><span class='ocrx_word' id='word_1_44' title='bbox 217 677 324 722; x_wconf 92' lang='lat' dir='ltr'><strong>vino</strong></span> <span class='ocrx_word' id='word_1_45' title='bbox 363 675 510 723; x_wconf 88' lang='lat' dir='ltr'><strong>colico</strong></span> <span class='ocrx_word' id='word_1_46' title='bbox 547 690 633 737; x_wconf 90' lang='lat' dir='ltr'><strong>per</strong></span> <span class='ocrx_word' id='word_1_47' title='bbox 670 675 880 723; x_wconf 87' lang='lat' dir='ltr'><strong>triduum</strong></span> <span class='ocrx_word' id='word_1_48' title='bbox 918 675 974 722; x_wconf 87' lang='lat' dir='ltr'><strong>da</strong></span> <span class='ocrx_word' id='word_1_49' title='bbox 1011 675 1280 724; x_wconf 88' lang='lat' dir='ltr'><strong>bibendum.</strong></span> 
     </span>
     <span class='ocr_line' id='line_1_9' title="bbox 135 744 1820 810; baseline 0.002 -18"><span class='ocrx_word' id='word_1_50' title='bbox 135 755 187 793; x_wconf 83' lang='lat'><strong>28</strong></span> <span class='ocrx_word' id='word_1_51' title='bbox 359 745 428 792; x_wconf 83' lang='lat' dir='ltr'><strong>Ad</strong></span> <span class='ocrx_word' id='word_1_52' title='bbox 459 745 550 792; x_wconf 93' lang='lat' dir='ltr'><strong>coli</strong></span> <span class='ocrx_word' id='word_1_53' title='bbox 580 744 765 792; x_wconf 89' lang='lat' dir='ltr'><strong>dolores</strong></span> <span class='ocrx_word' id='word_1_54' title='bbox 796 749 1042 793; x_wconf 85' lang='lat' dir='ltr'><strong>mentastri</strong></span> <span class='ocrx_word' id='word_1_55' title='bbox 1072 746 1194 808; x_wconf 85' lang='lat' dir='ltr'><strong>folia,</strong></span> <span class='ocrx_word' id='word_1_56' title='bbox 1226 753 1451 808; x_wconf 89' lang='lat' dir='ltr'><strong>quantum</strong></span> <span class='ocrx_word' id='word_1_57' title='bbox 1482 747 1633 795; x_wconf 88' lang='lat' dir='ltr'><strong>tribus</strong></span> <span class='ocrx_word' id='word_1_58' title='bbox 1662 748 1820 810; x_wconf 85' lang='lat' dir='ltr'>digitis</span> 
     </span>
    </p>
   </div>
   <div class='ocr_carea' id='block_1_5' title="bbox 131 815 1883 2628">
    <p class='ocr_par' dir='ltr' id='par_1_5' title="bbox 214 815 1883 1297">
     <span class='ocr_line' id='line_1_10' title="bbox 218 815 1819 878; baseline 0.002 -16"><span class='ocrx_word' id='word_1_59' title='bbox 218 815 571 877; x_wconf 83' lang='lat' dir='ltr'><strong>adprehendere</strong></span> <span class='ocrx_word' id='word_1_60' title='bbox 609 818 840 878; x_wconf 86' lang='lat' dir='ltr'><strong>potueris,</strong></span> <span class='ocrx_word' id='word_1_61' title='bbox 878 816 1013 863; x_wconf 85' lang='lat' dir='ltr'><strong>tolles</strong></span> <span class='ocrx_word' id='word_1_62' title='bbox 1051 822 1097 864; x_wconf 90' lang='lat' dir='ltr'><strong>et</strong></span> <span class='ocrx_word' id='word_1_63' title='bbox 1133 817 1207 863; x_wconf 90' lang='lat' dir='ltr'><strong>his</strong></span> <span class='ocrx_word' id='word_1_64' title='bbox 1245 817 1418 864; x_wconf 82' lang='lat' dir='ltr'><strong>adicies</strong></span> <span class='ocrx_word' id='word_1_65' title='bbox 1455 817 1646 865; x_wconf 86' lang='lat' dir='ltr'><strong>feniculi</strong></span> <span class='ocrx_word' id='word_1_66' title='bbox 1683 821 1819 866; x_wconf 82' lang='lat' dir='ltr'><strong>semi-</strong></span> 
     </span>
     <span class='ocr_line' id='line_1_11' title="bbox 215 885 1883 951; baseline 0.002 -19"><span class='ocrx_word' id='word_1_67' title='bbox 215 887 290 932; x_wconf 93' lang='lat' dir='ltr'><strong>nis</strong></span> <span class='ocrx_word' id='word_1_68' title='bbox 328 885 544 933; x_wconf 89' lang='lat' dir='ltr'><strong>cocliaria</strong></span> <span class='ocrx_word' id='word_1_69' title='bbox 583 886 696 949; x_wconf 82' lang='lat' dir='ltr'><strong>duo3</strong></span> <span class='ocrx_word' id='word_1_70' title='bbox 734 886 848 933; x_wconf 91' lang='lat' dir='ltr'><strong>haec</strong></span> <span class='ocrx_word' id='word_1_71' title='bbox 886 887 935 932; x_wconf 91' lang='lat' dir='ltr'><strong>in</strong></span> <span class='ocrx_word' id='word_1_72' title='bbox 973 901 1119 933; x_wconf 93' lang='lat' dir='ltr'><strong>unum</strong></span> <span class='ocrx_word' id='word_1_73' title='bbox 1157 901 1294 948; x_wconf 91' lang='lat' dir='ltr'><strong>quam</strong></span> <span class='ocrx_word' id='word_1_74' title='bbox 1331 889 1644 934; x_wconf 85' lang='lat' dir='ltr'><strong>minutissime</strong></span> <span class='ocrx_word' id='word_1_75' title='bbox 1675 895 1818 951; x_wconf 82' lang='lat' dir='ltr'><strong>teres,</strong></span> <span class='ocrx_word' id='word_1_76' title='bbox 1842 903 1883 935; x_wconf 83' lang='grc' dir='ltr'><strong>ιο</strong></span> 
     </span>
     <span class='ocr_line' id='line_1_12' title="bbox 214 956 1819 1019; baseline 0.002 -17"><span class='ocrx_word' id='word_1_77' title='bbox 214 956 514 1017; x_wconf 87' lang='lat' dir='ltr'><strong>postmodum</strong></span> <span class='ocrx_word' id='word_1_78' title='bbox 547 956 688 1003; x_wconf 92' lang='lat' dir='ltr'><strong>addes</strong></span> <span class='ocrx_word' id='word_1_79' title='bbox 717 957 814 1003; x_wconf 90' lang='lat' dir='ltr'><strong>vini</strong></span> <span class='ocrx_word' id='word_1_80' title='bbox 843 957 1016 1003; x_wconf 89' lang='lat' dir='ltr'><strong>veteris</strong></span> <span class='ocrx_word' id='word_1_81' title='bbox 1047 958 1212 1018; x_wconf 92' lang='lat' dir='ltr'><strong>optimi</strong></span> <span class='ocrx_word' id='word_1_82' title='bbox 1236 957 1426 1018; x_wconf 85' lang='lat' dir='ltr'><strong>cyathos</strong></span> <span class='ocrx_word' id='word_1_83' title='bbox 1451 964 1689 1019; x_wconf 88' lang='lat' dir='ltr'><strong>quattuor,</strong></span> <span class='ocrx_word' id='word_1_84' title='bbox 1717 965 1819 1006; x_wconf 90' lang='lat' dir='ltr'><strong>tum</strong></span> 
     </span>
     <span class='ocr_line' id='line_1_13' title="bbox 216 1025 1817 1090; baseline 0.002 -18"><span class='ocrx_word' id='word_1_85' title='bbox 216 1025 485 1073; x_wconf 85' lang='lat' dir='ltr'><strong>calefactam</strong></span> <span class='ocrx_word' id='word_1_86' title='bbox 523 1027 782 1089; x_wconf 83' lang='lat' dir='ltr'><strong>potionem,</strong></span> <span class='ocrx_word' id='word_1_87' title='bbox 822 1032 1047 1088; x_wconf 89' lang='lat' dir='ltr'><strong>quantum</strong></span> <span class='ocrx_word' id='word_1_88' title='bbox 1093 1027 1268 1087; x_wconf 83' lang='lat' dir='ltr'><strong>digitus</strong></span> <span class='ocrx_word' id='word_1_89' title='bbox 1312 1029 1410 1087; x_wconf 88' lang='lat' dir='ltr'><strong>pati</strong></span> <span class='ocrx_word' id='word_1_90' title='bbox 1444 1029 1619 1090; x_wconf 85' lang='lat' dir='ltr'><strong>possit,</strong></span> <span class='ocrx_word' id='word_1_91' title='bbox 1659 1030 1817 1076; x_wconf 91' lang='lat' dir='ltr'><strong>ieiuno</strong></span> 
     </span>
     <span class='ocr_line' id='line_1_14' title="bbox 215 1095 1817 1158; baseline 0.002 -16"><span class='ocrx_word' id='word_1_92' title='bbox 215 1095 466 1142; x_wconf 86' lang='lat' dir='ltr'><strong>bibendam</strong></span> <span class='ocrx_word' id='word_1_93' title='bbox 510 1095 663 1158; x_wconf 87' lang='lat' dir='ltr'><strong>dabis;</strong></span> <span class='ocrx_word' id='word_1_94' title='bbox 712 1097 934 1143; x_wconf 91' lang='lat' dir='ltr'><strong>continuo</strong></span> <span class='ocrx_word' id='word_1_95' title='bbox 980 1102 1144 1143; x_wconf 88' lang='lat' dir='ltr'><strong>ventos</strong></span> <span class='ocrx_word' id='word_1_96' title='bbox 1190 1098 1372 1143; x_wconf 88' lang='lat' dir='ltr'><strong>emittet</strong></span> <span class='ocrx_word' id='word_1_97' title='bbox 1416 1103 1463 1143; x_wconf 90' lang='lat' dir='ltr'><strong>et</strong></span> <span class='ocrx_word' id='word_1_98' title='bbox 1508 1097 1817 1146; x_wconf 89' lang='lat' dir='ltr'><strong>deiectionem</strong></span> 
     </span>
     <span class='ocr_line' id='line_1_15' title="bbox 216 1165 1818 1232; baseline 0.002 -20"><span class='ocrx_word' id='word_1_99' title='bbox 216 1166 369 1213; x_wconf 90' lang='lat' dir='ltr'><strong>faciet.</strong></span> <span class='ocrx_word' id='word_1_100' title='bbox 444 1165 572 1212; x_wconf 89' lang='lat' dir='ltr'><strong>Hanc</strong></span> <span class='ocrx_word' id='word_1_101' title='bbox 619 1180 729 1226; x_wconf 85' lang='lat' dir='ltr'><strong>ergo</strong></span> <span class='ocrx_word' id='word_1_102' title='bbox 774 1167 1013 1227; x_wconf 88' lang='lat' dir='ltr'><strong>potionem</strong></span> <span class='ocrx_word' id='word_1_103' title='bbox 1059 1167 1099 1212; x_wconf 91' lang='lat' dir='ltr'><strong>si</strong></span> <span class='ocrx_word' id='word_1_104' title='bbox 1142 1168 1248 1227; x_wconf 89' lang='lat' dir='ltr'><strong>quis</strong></span> <span class='ocrx_word' id='word_1_105' title='bbox 1291 1166 1449 1214; x_wconf 85' lang='lat' dir='ltr'><strong>triduo</strong></span> <span class='ocrx_word' id='word_1_106' title='bbox 1498 1181 1612 1214; x_wconf 90' lang='lat' dir='ltr'><strong>usus</strong></span> <span class='ocrx_word' id='word_1_107' title='bbox 1661 1168 1818 1232; x_wconf 85' lang='lat' dir='ltr'><strong>fuerit,</strong></span> 
     </span>
     <span class='ocr_line' id='line_1_16' title="bbox 217 1235 1880 1297; baseline 0.001 -15"><span class='ocrx_word' id='word_1_108' title='bbox 217 1236 426 1297; x_wconf 86' lang='lat' dir='ltr'><strong>quamvis</strong></span> <span class='ocrx_word' id='word_1_109' title='bbox 464 1250 627 1296; x_wconf 84' lang='lat' dir='ltr'><strong>graves</strong></span> <span class='ocrx_word' id='word_1_110' title='bbox 665 1235 756 1282; x_wconf 90' lang='lat' dir='ltr'><strong>coli</strong></span> <span class='ocrx_word' id='word_1_111' title='bbox 793 1235 976 1282; x_wconf 90' lang='lat' dir='ltr'><strong>dolores</strong></span> <span class='ocrx_word' id='word_1_112' title='bbox 1015 1235 1191 1283; x_wconf 86' lang='lat' dir='ltr'><strong>evadet.</strong></span> <span class='ocrx_word' id='word_1_113' title='bbox 1839 1251 1880 1283; x_wconf 84' lang='lat'><strong>15</strong></span> 
     </span>
    </p>

    <p class='ocr_par' dir='ltr' id='par_1_6' title="bbox 133 1304 1815 1579">
     <span class='ocr_line' id='line_1_17' title="bbox 133 1304 1815 1370; baseline 0.002 -18"><span class='ocrx_word' id='word_1_114' title='bbox 133 1315 184 1353; x_wconf 77' lang='lat'><strong>29</strong></span> <span class='ocrx_word' id='word_1_115' title='bbox 357 1304 589 1364; x_wconf 24' lang='lat' dir='ltr'><strong>Gallinam.</strong></span> <span class='ocrx_word' id='word_1_116' title='bbox 618 1319 703 1367; x_wconf 91' lang='lat' dir='ltr'><strong>per</strong></span> <span class='ocrx_word' id='word_1_117' title='bbox 741 1311 891 1352; x_wconf 91' lang='lat' dir='ltr'><strong>totum</strong></span> <span class='ocrx_word' id='word_1_118' title='bbox 930 1306 1054 1352; x_wconf 91' lang='lat' dir='ltr'><strong>diem</strong></span> <span class='ocrx_word' id='word_1_119' title='bbox 1091 1321 1116 1352; x_wconf 87' lang='lat' dir='ltr'><strong>a</strong></span> <span class='ocrx_word' id='word_1_120' title='bbox 1154 1305 1257 1352; x_wconf 88' lang='lat' dir='ltr'><strong>cibo</strong></span> <span class='ocrx_word' id='word_1_121' title='bbox 1297 1306 1549 1370; x_wconf 83' lang='lat' dir='ltr'><strong>abstinet03</strong></span> <span class='ocrx_word' id='word_1_122' title='bbox 1591 1308 1699 1355; x_wconf 90' lang='lat' dir='ltr'><strong>dein</strong></span> <span class='ocrx_word' id='word_1_123' title='bbox 1736 1323 1815 1369; x_wconf 94' lang='lat' dir='ltr'><strong>po-</strong></span> 
     </span>
     <span class='ocr_line' id='line_1_18' title="bbox 217 1375 1815 1439; baseline 0.002 -17"><span class='ocrx_word' id='word_1_124' title='bbox 217 1382 343 1422; x_wconf 88' lang='lat' dir='ltr'><strong>stero</strong></span> <span class='ocrx_word' id='word_1_125' title='bbox 384 1375 458 1422; x_wconf 91' lang='lat' dir='ltr'><strong>die</strong></span> <span class='ocrx_word' id='word_1_126' title='bbox 496 1390 604 1423; x_wconf 91' lang='lat' dir='ltr'><strong>cum</strong></span> <span class='ocrx_word' id='word_1_127' title='bbox 642 1390 743 1422; x_wconf 90' lang='lat' dir='ltr'><strong>eam</strong></span> <span class='ocrx_word' id='word_1_128' title='bbox 782 1375 1025 1439; x_wconf 82' lang='lat' dir='ltr'><strong>occideris,</strong></span> <span class='ocrx_word' id='word_1_129' title='bbox 1064 1390 1202 1423; x_wconf 88' lang='lat' dir='ltr'><strong>crura</strong></span> <span class='ocrx_word' id='word_1_130' title='bbox 1240 1378 1341 1423; x_wconf 91' lang='lat' dir='ltr'><strong>eius</strong></span> <span class='ocrx_word' id='word_1_131' title='bbox 1375 1391 1483 1424; x_wconf 89' lang='lat' dir='ltr'><strong>cum</strong></span> <span class='ocrx_word' id='word_1_132' title='bbox 1513 1377 1606 1424; x_wconf 90' lang='lat' dir='ltr'><strong>sale</strong></span> <span class='ocrx_word' id='word_1_133' title='bbox 1637 1384 1684 1425; x_wconf 90' lang='lat' dir='ltr'><strong>et</strong></span> <span class='ocrx_word' id='word_1_134' title='bbox 1713 1378 1815 1426; x_wconf 92' lang='lat' dir='ltr'><strong>oleo</strong></span> 
     </span>
     <span class='ocr_line' id='line_1_19' title="bbox 215 1446 1815 1512; baseline 0.002 -20"><span class='ocrx_word' id='word_1_135' title='bbox 215 1448 418 1493; x_wconf 90' lang='lat' dir='ltr'><strong>inassato</strong></span> <span class='ocrx_word' id='word_1_136' title='bbox 464 1451 511 1492; x_wconf 92' lang='lat' dir='ltr'><strong>et</strong></span> <span class='ocrx_word' id='word_1_137' title='bbox 554 1447 712 1492; x_wconf 91' lang='lat' dir='ltr'><strong>ieiuno</strong></span> <span class='ocrx_word' id='word_1_138' title='bbox 759 1446 926 1509; x_wconf 87' lang='lat' dir='ltr'><strong>colico,</strong></span> <span class='ocrx_word' id='word_1_139' title='bbox 974 1448 1054 1506; x_wconf 88' lang='lat' dir='ltr'><strong>qui</strong></span> <span class='ocrx_word' id='word_1_140' title='bbox 1096 1461 1146 1493; x_wconf 90' lang='lat' dir='ltr'><strong>se</strong></span> <span class='ocrx_word' id='word_1_141' title='bbox 1191 1447 1342 1507; x_wconf 87' lang='lat' dir='ltr'><strong>pridie</strong></span> <span class='ocrx_word' id='word_1_142' title='bbox 1380 1446 1484 1493; x_wconf 93' lang='lat' dir='ltr'><strong>cibo</strong></span> <span class='ocrx_word' id='word_1_143' title='bbox 1522 1446 1815 1512; x_wconf 84' lang='lat' dir='ltr'><strong>abstinuerit,</strong></span> 
     </span>
     <span class='ocr_line' id='line_1_20' title="bbox 213 1516 1213 1579; baseline 0 -17"><span class='ocrx_word' id='word_1_144' title='bbox 213 1516 536 1563; x_wconf 88' lang='lat' dir='ltr'><strong>manducanda</strong></span> <span class='ocrx_word' id='word_1_145' title='bbox 573 1516 694 1579; x_wconf 77' lang='lat' dir='ltr'><strong>dato,</strong></span> <span class='ocrx_word' id='word_1_146' title='bbox 732 1517 927 1562; x_wconf 84' lang='lat' dir='ltr'><strong>mirifice</strong></span> <span class='ocrx_word' id='word_1_147' title='bbox 965 1517 1213 1577; x_wconf 87' lang='lat' dir='ltr'><strong>profueris.</strong></span> 
     </span>
    </p>

    <p class='ocr_par' dir='ltr' id='par_1_7' title="bbox 131 1585 1881 2138">
     <span class='ocr_line' id='line_1_21' title="bbox 131 1585 1881 1650; baseline -0.001 -16"><span class='ocrx_word' id='word_1_148' title='bbox 131 1597 184 1634; x_wconf 88' lang='lat'><strong>30</strong></span> <span class='ocrx_word' id='word_1_149' title='bbox 357 1585 611 1648; x_wconf 86' lang='lat' dir='ltr'><strong>Corydalus</strong></span> <span class='ocrx_word' id='word_1_150' title='bbox 650 1587 759 1645; x_wconf 86' lang='lat' dir='ltr'><strong>avis,</strong></span> <span class='ocrx_word' id='word_1_151' title='bbox 797 1586 844 1632; x_wconf 93' lang='lat' dir='ltr'><strong>id</strong></span> <span class='ocrx_word' id='word_1_152' title='bbox 882 1592 953 1632; x_wconf 89' lang='lat' dir='ltr'><strong>est</strong></span> <span class='ocrx_word' id='word_1_153' title='bbox 985 1600 1102 1647; x_wconf 91' lang='lat' dir='ltr'><strong>quae</strong></span> <span class='ocrx_word' id='word_1_154' title='bbox 1133 1586 1296 1632; x_wconf 87' lang='lat' dir='ltr'><strong>alauda</strong></span> <span class='ocrx_word' id='word_1_155' title='bbox 1327 1593 1532 1650; x_wconf 78' lang='lat' dir='ltr'><strong>vocatur,</strong></span> <span class='ocrx_word' id='word_1_156' title='bbox 1571 1602 1688 1649; x_wconf 90' lang='lat' dir='ltr'><strong>quae</strong></span> <span class='ocrx_word' id='word_1_157' title='bbox 1720 1589 1814 1636; x_wconf 89' lang='lat' dir='ltr'><strong>ani·</strong></span> <span class='ocrx_word' id='word_1_158' title='bbox 1838 1601 1881 1632; x_wconf 83' lang='lat'><strong>20</strong></span> 
     </span>
     <span class='ocr_line' id='line_1_22' title="bbox 216 1655 1815 1719; baseline 0.001 -16"><span class='ocrx_word' id='word_1_159' title='bbox 216 1671 316 1703; x_wconf 86' lang='lat' dir='ltr'><strong>mos</strong></span> <span class='ocrx_word' id='word_1_160' title='bbox 353 1656 596 1703; x_wconf 88' lang='lat' dir='ltr'><strong>hominum</strong></span> <span class='ocrx_word' id='word_1_161' title='bbox 635 1655 870 1702; x_wconf 89' lang='lat' dir='ltr'><strong>dulcidine</strong></span> <span class='ocrx_word' id='word_1_162' title='bbox 908 1657 1036 1702; x_wconf 89' lang='lat' dir='ltr'><strong>vocis</strong></span> <span class='ocrx_word' id='word_1_163' title='bbox 1074 1655 1289 1719; x_wconf 75' lang='lat' dir='ltr'><strong>oblectat,</strong></span> <span class='ocrx_word' id='word_1_164' title='bbox 1327 1671 1434 1703; x_wconf 91' lang='lat' dir='ltr'><strong>cum</strong></span> <span class='ocrx_word' id='word_1_165' title='bbox 1465 1671 1549 1703; x_wconf 90' lang='lat' dir='ltr'><strong>sua</strong></span> <span class='ocrx_word' id='word_1_166' title='bbox 1579 1657 1735 1718; x_wconf 88' lang='lat' dir='ltr'><strong>pluma</strong></span> <span class='ocrx_word' id='word_1_167' title='bbox 1765 1660 1815 1705; x_wconf 94' lang='lat' dir='ltr'><strong>in</strong></span> 
     </span>
     <span class='ocr_line' id='line_1_23' title="bbox 215 1726 1816 1789; baseline 0.001 -17"><span class='ocrx_word' id='word_1_168' title='bbox 215 1740 325 1773; x_wconf 88' lang='lat' dir='ltr'><strong>vaso</strong></span> <span class='ocrx_word' id='word_1_169' title='bbox 363 1726 496 1773; x_wconf 87' lang='lat' dir='ltr'><strong>fictili</strong></span> <span class='ocrx_word' id='word_1_170' title='bbox 532 1732 724 1788; x_wconf 81' lang='lat' dir='ltr'><strong>gypsato</strong></span> <span class='ocrx_word' id='word_1_171' title='bbox 763 1728 811 1772; x_wconf 92' lang='lat' dir='ltr'><strong>in</strong></span> <span class='ocrx_word' id='word_1_172' title='bbox 849 1726 986 1772; x_wconf 87' lang='lat' dir='ltr'><strong>furno</strong></span> <span class='ocrx_word' id='word_1_173' title='bbox 1025 1727 1178 1787; x_wconf 87' lang='lat' dir='ltr'><strong>posito</strong></span> <span class='ocrx_word' id='word_1_174' title='bbox 1215 1727 1278 1772; x_wconf 92' lang='lat' dir='ltr'><strong>ita</strong></span> <span class='ocrx_word' id='word_1_175' title='bbox 1310 1726 1602 1789; x_wconf 79' lang='lat' dir='ltr'><strong>conburitur,</strong></span> <span class='ocrx_word' id='word_1_176' title='bbox 1640 1734 1693 1774; x_wconf 91' lang='lat' dir='ltr'><strong>ut</strong></span> <span class='ocrx_word' id='word_1_177' title='bbox 1722 1730 1816 1774; x_wconf 87' lang='lat' dir='ltr'><strong>teri</strong></span> 
     </span>
     <span class='ocr_line' id='line_1_24' title="bbox 213 1796 1816 1859; baseline 0.001 -16"><span class='ocrx_word' id='word_1_178' title='bbox 213 1798 385 1859; x_wconf 83' lang='lat' dir='ltr'><strong>possit3</strong></span> <span class='ocrx_word' id='word_1_179' title='bbox 438 1798 667 1843; x_wconf 88' lang='lat' dir='ltr'><strong>contritae</strong></span> <span class='ocrx_word' id='word_1_180' title='bbox 719 1802 874 1843; x_wconf 91' lang='lat' dir='ltr'><strong>autem</strong></span> <span class='ocrx_word' id='word_1_181' title='bbox 927 1797 1233 1843; x_wconf 90' lang='lat' dir='ltr'><strong>tenuissimus</strong></span> <span class='ocrx_word' id='word_1_182' title='bbox 1274 1796 1426 1858; x_wconf 91' lang='lat' dir='ltr'><strong>pulvis</strong></span> <span class='ocrx_word' id='word_1_183' title='bbox 1470 1798 1717 1858; x_wconf 86' lang='lat' dir='ltr'><strong>reponitur</strong></span> <span class='ocrx_word' id='word_1_184' title='bbox 1769 1804 1816 1844; x_wconf 89' lang='lat' dir='ltr'><strong>et</strong></span> 
     </span>
     <span class='ocr_line' id='line_1_25' title="bbox 216 1865 1815 1929; baseline 0 -15"><span class='ocrx_word' id='word_1_185' title='bbox 216 1881 323 1914; x_wconf 91' lang='lat' dir='ltr'><strong>cum</strong></span> <span class='ocrx_word' id='word_1_186' title='bbox 370 1881 488 1928; x_wconf 94' lang='lat' dir='ltr'><strong>opus</strong></span> <span class='ocrx_word' id='word_1_187' title='bbox 533 1867 697 1929; x_wconf 88' lang='lat' dir='ltr'><strong>fuerit,</strong></span> <span class='ocrx_word' id='word_1_188' title='bbox 743 1881 799 1913; x_wconf 88' lang='lat' dir='ltr'><strong>ex</strong></span> <span class='ocrx_word' id='word_1_189' title='bbox 841 1881 895 1912; x_wconf 93' lang='lat' dir='ltr'><strong>eo</strong></span> <span class='ocrx_word' id='word_1_190' title='bbox 933 1865 1279 1913; x_wconf 85' lang='lat' dir='ltr'><strong>cocliariaduo</strong></span> <span class='ocrx_word' id='word_1_191' title='bbox 1317 1866 1389 1912; x_wconf 89' lang='lat' dir='ltr'><strong>vel</strong></span> <span class='ocrx_word' id='word_1_192' title='bbox 1425 1867 1516 1912; x_wconf 88' lang='lat' dir='ltr'><strong>tria</strong></span> <span class='ocrx_word' id='word_1_193' title='bbox 1553 1881 1660 1913; x_wconf 90' lang='lat' dir='ltr'><strong>cum</strong></span> <span class='ocrx_word' id='word_1_194' title='bbox 1697 1881 1815 1928; x_wconf 84' lang='lat' dir='ltr'><strong>aqua</strong></span> 
     </span>
     <span class='ocr_line' id='line_1_26' title="bbox 216 1936 1878 1999; baseline -0.001 -16"><span class='ocrx_word' id='word_1_195' title='bbox 216 1936 362 1983; x_wconf 89' lang='lat' dir='ltr'><strong>calida</strong></span> <span class='ocrx_word' id='word_1_196' title='bbox 392 1951 478 1999; x_wconf 92' lang='lat' dir='ltr'><strong>per</strong></span> <span class='ocrx_word' id='word_1_197' title='bbox 508 1936 717 1983; x_wconf 90' lang='lat' dir='ltr'><strong>triduum</strong></span> <span class='ocrx_word' id='word_1_198' title='bbox 748 1942 829 1983; x_wconf 86' lang='lat' dir='ltr'><strong>aut</strong></span> <span class='ocrx_word' id='word_1_199' title='bbox 859 1936 1172 1998; x_wconf 89' lang='lat' dir='ltr'><strong>quadriduum</strong></span> <span class='ocrx_word' id='word_1_200' title='bbox 1200 1936 1390 1999; x_wconf 83' lang='lat' dir='ltr'><strong>dantur3</strong></span> <span class='ocrx_word' id='word_1_201' title='bbox 1421 1936 1695 1983; x_wconf 89' lang='lat' dir='ltr'><strong>incredibile</strong></span> <span class='ocrx_word' id='word_1_202' title='bbox 1725 1937 1814 1984; x_wconf 92' lang='lat' dir='ltr'><strong>hoc</strong></span> <span class='ocrx_word' id='word_1_203' title='bbox 1837 1950 1878 1982; x_wconf 82' lang='lat'><strong>25</strong></span> 
     </span>
     <span class='ocr_line' id='line_1_27' title="bbox 215 2006 1816 2069; baseline 0.001 -17"><span class='ocrx_word' id='word_1_204' title='bbox 215 2006 375 2053; x_wconf 90' lang='lat' dir='ltr'><strong>colicis</strong></span> <span class='ocrx_word' id='word_1_205' title='bbox 406 2006 681 2069; x_wconf 78' lang='lat' dir='ltr'><strong>remedium,</strong></span> <span class='ocrx_word' id='word_1_206' title='bbox 714 2006 838 2068; x_wconf 88' lang='lat' dir='ltr'><strong>quod</strong></span> <span class='ocrx_word' id='word_1_207' title='bbox 869 2007 983 2053; x_wconf 89' lang='lat' dir='ltr'><strong>adeo</strong></span> <span class='ocrx_word' id='word_1_208' title='bbox 1015 2006 1219 2068; x_wconf 81' lang='lat' dir='ltr'><strong>prodest,</strong></span> <span class='ocrx_word' id='word_1_209' title='bbox 1251 2012 1303 2053; x_wconf 92' lang='lat' dir='ltr'><strong>ut</strong></span> <span class='ocrx_word' id='word_1_210' title='bbox 1330 2007 1484 2052; x_wconf 91' lang='lat' dir='ltr'><strong>omnia</strong></span> <span class='ocrx_word' id='word_1_211' title='bbox 1507 2006 1816 2054; x_wconf 89' lang='lat' dir='ltr'><strong>medicamina</strong></span> 
     </span>
     <span class='ocr_line' id='line_1_28' title="bbox 213 2077 909 2138; baseline 0.003 -15"><span class='ocrx_word' id='word_1_212' title='bbox 213 2077 381 2124; x_wconf 85' lang='lat' dir='ltr'><strong>merito</strong></span> <span class='ocrx_word' id='word_1_213' title='bbox 421 2091 645 2138; x_wconf 89' lang='lat' dir='ltr'><strong>superare</strong></span> <span class='ocrx_word' id='word_1_214' title='bbox 683 2077 909 2125; x_wconf 85' lang='lat' dir='ltr'><strong>videatur.</strong></span> 
     </span>
    </p>

    <p class='ocr_par' dir='ltr' id='par_1_8' title="bbox 131 2146 1877 2490">
     <span class='ocr_line' id='line_1_29' title="bbox 131 2146 1814 2208; baseline -0.001 -14"><span class='ocrx_word' id='word_1_215' title='bbox 131 2157 182 2194; x_wconf 86' lang='lat'><strong>31</strong></span> <span class='ocrx_word' id='word_1_216' title='bbox 358 2146 551 2193; x_wconf 90' lang='lat' dir='ltr'><strong>Stercus</strong></span> <span class='ocrx_word' id='word_1_217' title='bbox 590 2161 822 2208; x_wconf 89' lang='lat' dir='ltr'><strong>aprunum</strong></span> <span class='ocrx_word' id='word_1_218' title='bbox 858 2161 1026 2193; x_wconf 90' lang='lat' dir='ltr'><strong>recens</strong></span> <span class='ocrx_word' id='word_1_219' title='bbox 1063 2147 1112 2192; x_wconf 94' lang='lat' dir='ltr'><strong>in</strong></span> <span class='ocrx_word' id='word_1_220' title='bbox 1150 2161 1269 2208; x_wconf 89' lang='lat' dir='ltr'><strong>aqua</strong></span> <span class='ocrx_word' id='word_1_221' title='bbox 1306 2147 1554 2193; x_wconf 90' lang='lat' dir='ltr'><strong>remissum</strong></span> <span class='ocrx_word' id='word_1_222' title='bbox 1592 2146 1814 2193; x_wconf 92' lang='lat' dir='ltr'><strong>colatum-</strong></span> 
     </span>
     <span class='ocr_line' id='line_1_30' title="bbox 217 2214 1816 2279; baseline -0.002 -15"><span class='ocrx_word' id='word_1_223' title='bbox 217 2232 307 2278; x_wconf 86' lang='lat' dir='ltr'><strong>que</strong></span> <span class='ocrx_word' id='word_1_224' title='bbox 346 2231 452 2264; x_wconf 92' lang='lat' dir='ltr'><strong>cum</strong></span> <span class='ocrx_word' id='word_1_225' title='bbox 492 2216 632 2263; x_wconf 90' lang='lat' dir='ltr'><strong>mulsi</strong></span> <span class='ocrx_word' id='word_1_226' title='bbox 669 2217 831 2279; x_wconf 82' lang='lat' dir='ltr'><strong>cotylis</strong></span> <span class='ocrx_word' id='word_1_227' title='bbox 862 2216 1013 2264; x_wconf 85' lang='lat' dir='ltr'><strong>tribus</strong></span> <span class='ocrx_word' id='word_1_228' title='bbox 1045 2222 1091 2263; x_wconf 91' lang='lat' dir='ltr'><strong>et</strong></span> <span class='ocrx_word' id='word_1_229' title='bbox 1120 2218 1297 2278; x_wconf 85' lang='lat' dir='ltr'><strong>piperis</strong></span> <span class='ocrx_word' id='word_1_230' title='bbox 1328 2217 1519 2262; x_wconf 87' lang='lat' dir='ltr'><strong>contriti</strong></span> <span class='ocrx_word' id='word_1_231' title='bbox 1548 2217 1704 2276; x_wconf 83' lang='lat' dir='ltr'><strong>granis</strong></span> <span class='ocrx_word' id='word_1_232' title='bbox 1735 2214 1816 2262; x_wconf 91' lang='lat' dir='ltr'><strong>LX</strong></span> 
     </span>
     <span class='ocr_line' id='line_1_31' title="bbox 215 2286 1877 2348; baseline -0.002 -15"><span class='ocrx_word' id='word_1_233' title='bbox 215 2289 264 2334; x_wconf 93' lang='lat' dir='ltr'><strong>in</strong></span> <span class='ocrx_word' id='word_1_234' title='bbox 300 2292 400 2333; x_wconf 91' lang='lat' dir='ltr'><strong>tres</strong></span> <span class='ocrx_word' id='word_1_235' title='bbox 438 2289 652 2348; x_wconf 88' lang='lat' dir='ltr'><strong>potiones</strong></span> <span class='ocrx_word' id='word_1_236' title='bbox 691 2287 889 2333; x_wconf 88' lang='lat' dir='ltr'><strong>divisum</strong></span> <span class='ocrx_word' id='word_1_237' title='bbox 927 2301 1013 2347; x_wconf 90' lang='lat' dir='ltr'><strong>per</strong></span> <span class='ocrx_word' id='word_1_238' title='bbox 1050 2286 1259 2333; x_wconf 88' lang='lat' dir='ltr'><strong>triduum</strong></span> <span class='ocrx_word' id='word_1_239' title='bbox 1297 2286 1454 2347; x_wconf 82' lang='lat' dir='ltr'><strong>datur,</strong></span> <span class='ocrx_word' id='word_1_240' title='bbox 1491 2287 1555 2331; x_wconf 88' lang='lat' dir='ltr'><strong>ita</strong></span> <span class='ocrx_word' id='word_1_241' title='bbox 1591 2291 1644 2331; x_wconf 90' lang='lat' dir='ltr'><strong>ut</strong></span> <span class='ocrx_word' id='word_1_242' title='bbox 1681 2287 1813 2346; x_wconf 88' lang='lat' dir='ltr'><strong>prius</strong></span> <span class='ocrx_word' id='word_1_243' title='bbox 1835 2298 1877 2328; x_wconf 79' lang='lat'><strong>30</strong></span> 
     </span>
     <span class='ocr_line' id='line_1_32' title="bbox 217 2356 1814 2420; baseline -0.001 -18"><span class='ocrx_word' id='word_1_244' title='bbox 217 2371 401 2418; x_wconf 71' lang='lat' dir='ltr'><strong>corpus</strong></span> <span class='ocrx_word' id='word_1_245' title='bbox 435 2358 536 2403; x_wconf 88' lang='lat' dir='ltr'><strong>eius</strong></span> <span class='ocrx_word' id='word_1_246' title='bbox 582 2356 736 2420; x_wconf 89' lang='lat' dir='ltr'><strong>colici,</strong></span> <span class='ocrx_word' id='word_1_247' title='bbox 783 2358 861 2404; x_wconf 92' lang='lat' dir='ltr'><strong>cui</strong></span> <span class='ocrx_word' id='word_1_248' title='bbox 896 2358 1025 2418; x_wconf 90' lang='lat' dir='ltr'><strong>potio</strong></span> <span class='ocrx_word' id='word_1_249' title='bbox 1064 2356 1213 2403; x_wconf 90' lang='lat' dir='ltr'><strong>danda</strong></span> <span class='ocrx_word' id='word_1_250' title='bbox 1250 2362 1334 2417; x_wconf 87' lang='lat' dir='ltr'><strong>est,</strong></span> <span class='ocrx_word' id='word_1_251' title='bbox 1371 2369 1514 2415; x_wconf 91' lang='lat' dir='ltr'><strong>acopo</strong></span> <span class='ocrx_word' id='word_1_252' title='bbox 1551 2368 1814 2415; x_wconf 87' lang='lat' dir='ltr'><strong>perungua-</strong></span> 
     </span>
     <span class='ocr_line' id='line_1_33' title="bbox 219 2423 1814 2490; baseline -0.003 -17"><span class='ocrx_word' id='word_1_253' title='bbox 219 2435 308 2490; x_wconf 76' lang='lat' dir='ltr'><strong>tur,</strong></span> <span class='ocrx_word' id='word_1_254' title='bbox 345 2432 399 2473; x_wconf 91' lang='lat' dir='ltr'><strong>ut</strong></span> <span class='ocrx_word' id='word_1_255' title='bbox 436 2427 766 2488; x_wconf 85' lang='lat' dir='ltr'><strong>perfrictiones</strong></span> <span class='ocrx_word' id='word_1_256' title='bbox 806 2441 967 2473; x_wconf 89' lang='lat' dir='ltr'><strong>omnes</strong></span> <span class='ocrx_word' id='word_1_257' title='bbox 1002 2434 1161 2473; x_wconf 88' lang='lat' dir='ltr'><strong>coacto</strong></span> <span class='ocrx_word' id='word_1_258' title='bbox 1193 2426 1363 2472; x_wconf 89' lang='lat' dir='ltr'><strong>sudore</strong></span> <span class='ocrx_word' id='word_1_259' title='bbox 1395 2423 1655 2486; x_wconf 83' lang='lat' dir='ltr'><strong>discedant3</strong></span> <span class='ocrx_word' id='word_1_260' title='bbox 1693 2425 1814 2470; x_wconf 89' lang='lat' dir='ltr'><strong>miro</strong></span> 
     </span>
    </p>

    <p class='ocr_par' dir='ltr' id='par_1_9' title="bbox 133 2493 1813 2628">
     <span class='ocr_line' id='line_1_34' title="bbox 133 2493 1813 2544; baseline -0.002 -2"><span class='ocrx_word' id='word_1_261' title='bbox 133 2506 185 2543; x_wconf 79' lang='lat'><strong>32</strong></span> <span class='ocrx_word' id='word_1_262' title='bbox 218 2497 425 2543; x_wconf 91' lang='lat' dir='ltr'><strong>remedio</strong></span> <span class='ocrx_word' id='word_1_263' title='bbox 465 2496 718 2544; x_wconf 89' lang='lat' dir='ltr'><strong>sanabitur.</strong></span> <span class='ocrx_word' id='word_1_264' title='bbox 776 2496 1002 2543; x_wconf 88' lang='lat' dir='ltr'><strong>Sucinum</strong></span> <span class='ocrx_word' id='word_1_265' title='bbox 1042 2496 1211 2543; x_wconf 91' lang='lat' dir='ltr'><strong>tundes</strong></span> <span class='ocrx_word' id='word_1_266' title='bbox 1249 2502 1295 2541; x_wconf 88' lang='lat' dir='ltr'><strong>et</strong></span> <span class='ocrx_word' id='word_1_267' title='bbox 1325 2509 1380 2541; x_wconf 86' lang='lat' dir='ltr'><strong>ex</strong></span> <span class='ocrx_word' id='word_1_268' title='bbox 1412 2495 1512 2540; x_wconf 92' lang='lat' dir='ltr'><strong>eius</strong></span> <span class='ocrx_word' id='word_1_269' title='bbox 1542 2493 1690 2540; x_wconf 89' lang='lat' dir='ltr'><strong>farina</strong></span> <span class='ocrx_word' id='word_1_270' title='bbox 1720 2494 1813 2540; x_wconf 92' lang='lat' dir='ltr'><strong>duo</strong></span> 
     </span>
     <span class='ocr_line' id='line_1_35' title="bbox 216 2563 1812 2628; baseline -0.002 -16"><span class='ocrx_word' id='word_1_271' title='bbox 216 2566 431 2613; x_wconf 88' lang='lat' dir='ltr'><strong>cocliaria</strong></span> <span class='ocrx_word' id='word_1_272' title='bbox 477 2581 585 2614; x_wconf 90' lang='lat' dir='ltr'><strong>cum</strong></span> <span class='ocrx_word' id='word_1_273' title='bbox 629 2581 746 2628; x_wconf 88' lang='lat' dir='ltr'><strong>aqua</strong></span> <span class='ocrx_word' id='word_1_274' title='bbox 792 2581 886 2613; x_wconf 93' lang='lat' dir='ltr'><strong>non</strong></span> <span class='ocrx_word' id='word_1_275' title='bbox 931 2567 1128 2613; x_wconf 91' lang='lat' dir='ltr'><strong>nimium</strong></span> <span class='ocrx_word' id='word_1_276' title='bbox 1173 2565 1372 2611; x_wconf 87' lang='lat' dir='ltr'><strong>ferventi</strong></span> <span class='ocrx_word' id='word_1_277' title='bbox 1415 2563 1616 2610; x_wconf 91' lang='lat' dir='ltr'><strong>bibenda</strong></span> <span class='ocrx_word' id='word_1_278' title='bbox 1665 2563 1812 2610; x_wconf 91' lang='lat' dir='ltr'><strong>colico</strong></span> 
     </span>
    </p>
   </div>
   <div class='ocr_carea' id='block_1_6' title="bbox 216 2669 1810 2838">
    <p class='ocr_par' dir='ltr' id='par_1_10' title="bbox 216 2669 1810 2838">
     <span class='ocr_line' id='line_1_36' title="bbox 358 2669 1810 2724; baseline -0.001 -10"><span class='ocrx_word' id='word_1_279' title='bbox 358 2677 379 2714; x_wconf 87' lang='lat'>1</span> <span class='ocrx_word' id='word_1_280' title='bbox 413 2675 669 2716; x_wconf 80' lang='lat' dir='ltr'><strong>caracteres.</strong></span> <span class='ocrx_word' id='word_1_281' title='bbox 746 2678 769 2715; x_wconf 90' lang='grc'><strong>6</strong></span> <span class='ocrx_word' id='word_1_282' title='bbox 802 2674 981 2715; x_wconf 78' lang='lat' dir='ltr'><strong>stercus.</strong></span> <span class='ocrx_word' id='word_1_283' title='bbox 1058 2677 1081 2713; x_wconf 88' lang='lat'>9</span> <span class='ocrx_word' id='word_1_284' title='bbox 1106 2670 1467 2724; x_wconf 84' lang='lat' dir='ltr'><strong>adpraehindere.</strong></span> <span class='ocrx_word' id='word_1_285' title='bbox 1550 2674 1599 2712; x_wconf 87' lang='lat'><strong>13</strong></span> <span class='ocrx_word' id='word_1_286' title='bbox 1632 2669 1810 2712; x_wconf 67' lang='lat' dir='ltr'><strong>emittit.</strong></span> 
     </span>
     <span class='ocr_line' id='line_1_37' title="bbox 218 2724 1810 2782; baseline -0.001 -13"><span class='ocrx_word' id='word_1_287' title='bbox 218 2732 270 2769; x_wconf 85' lang='lat'><strong>14</strong></span> <span class='ocrx_word' id='word_1_288' title='bbox 299 2728 492 2782; x_wconf 80' lang='lat' dir='ltr'><strong>potione.</strong></span> <span class='ocrx_word' id='word_1_289' title='bbox 669 2734 718 2771; x_wconf 87' lang='lat'><strong>15</strong></span> <span class='ocrx_word' id='word_1_290' title='bbox 751 2730 911 2771; x_wconf 83' lang='lat' dir='ltr'><strong>evadat</strong></span> <span class='ocrx_word' id='word_1_291' title='bbox 942 2733 1017 2770; x_wconf 79' lang='lat' dir='ltr'><strong>Im</strong></span> <span class='ocrx_word' id='word_1_292' title='bbox 1046 2726 1206 2770; x_wconf 77' lang='lat' dir='ltr'><strong>evadet</strong></span> <span class='ocrx_word' id='word_1_293' title='bbox 1233 2730 1326 2770; x_wconf 81' lang='lat' dir='ltr'><strong>2m.</strong></span> <span class='ocrx_word' id='word_1_294' title='bbox 1494 2730 1543 2768; x_wconf 84' lang='lat'><strong>17</strong></span> <span class='ocrx_word' id='word_1_295' title='bbox 1577 2739 1675 2768; x_wconf 89' lang='lat' dir='ltr'><strong>com</strong></span> <span class='ocrx_word' id='word_1_296' title='bbox 1705 2724 1810 2768; x_wconf 84' lang='lat' dir='ltr'><strong>sale.</strong></span> 
     </span>
     <span class='ocr_line' id='line_1_38' title="bbox 216 2781 1706 2838; baseline -0.001 -13"><span class='ocrx_word' id='word_1_297' title='bbox 216 2789 270 2826; x_wconf 80' lang='lat'><strong>20</strong></span> <span class='ocrx_word' id='word_1_298' title='bbox 301 2784 550 2827; x_wconf 70' lang='lat' dir='ltr'><strong>coz-idalius.</strong></span> <span class='ocrx_word' id='word_1_299' title='bbox 668 2784 854 2827; x_wconf 82' lang='lat' dir='ltr'><strong>animus.</strong></span> <span class='ocrx_word' id='word_1_300' title='bbox 971 2788 1022 2825; x_wconf 81' lang='lat'><strong>29</strong></span> <span class='ocrx_word' id='word_1_301' title='bbox 1055 2782 1212 2825; x_wconf 77' lang='lat' dir='ltr'><strong>cotilis.</strong></span> <span class='ocrx_word' id='word_1_302' title='bbox 1328 2782 1421 2838; x_wconf 91' lang='lat' dir='ltr'><strong>LX]</strong></span> <span class='ocrx_word' id='word_1_303' title='bbox 1454 2781 1566 2823; x_wconf 87' lang='lat' dir='ltr'><strong>LXL</strong></span> <span class='ocrx_word' id='word_1_304' title='bbox 1598 2783 1706 2837; x_wconf 81' lang='lat' dir='ltr'><strong>(sic).</strong></span> 
     </span>
    </p>
   </div>
  </div>
 </body>
</html>
