1898 3016
777 112 1154 162 —141—

165 242 295 304 salis,
339 242 479 303 aceti,
531 240 702 303 mellis,
750 239 842 287 olei
884 242 1055 287 veteris
1101 255 1272 302 aequas
1317 247 1474 302 partes
1519 243 1567 288 in
1613 256 1758 289 unum

166 312 354 358 misceri
391 317 577 371 oportet
613 317 660 357 et
697 324 802 357 cum
841 325 959 371 opus
997 311 1159 372 fuerit,
1196 312 1337 371 pinna
1374 311 1630 372 perfricare
1662 312 1758 359 fau-

165 395 244 428 ces
289 380 465 426 diutius
510 380 787 426 laborantes.
860 380 976 426 Item
1021 379 1139 426 bene
1184 381 1295 427 facit
1340 387 1388 427 et
1430 381 1518 428 hoc
1559 382 1757 429 medica-

164 457 372 497 mentum
419 451 730 510 compositum
777 451 865 496 sic:
925 449 1002 496 Git
1044 451 1171 496 fricti
1215 449 1254 495 X
1292 449 1354 512 ΙΙ,
1397 451 1610 511 pyrethri
1654 451 1691 497 X
1724 451 1757 514 1,

121 532 142 564 ⁶
165 521 384 580 sagapeni
419 520 651 566 victoriati
687 519 893 581 pondus3
943 521 1051 565 trita
1090 519 1203 566 haec
1241 534 1347 566 cum
1385 520 1521 566 melle
1560 522 1757 568 miscen-

162 595 241 636 tur
278 595 326 636 et
361 590 423 635 ita
461 588 673 635 faucibus
710 588 1003 635 adhibentur.
1061 588 1192 635 Facit
1220 589 1340 635 bene
1370 597 1417 636 et
1447 590 1756 637 medicamen-

162 665 261 706 tum
292 658 381 705 hoc
411 660 720 719 compositum
752 660 841 705 sic:
876 657 1017 704 Fellis
1048 660 1221 705 taurini
1251 658 1290 705 X
1321 659 1374 717 ΙΙ,
1406 661 1508 706 suci
1538 675 1755 707 cucume-

162 730 228 775 ris
260 728 457 775 silvatici
479 727 517 774 X
541 728 574 790 Ι,
605 727 828 789 cachryos
860 734 906 774 et
936 730 1076 774 misui
1104 730 1294 774 animati
1318 728 1357 774 X
1385 730 1614 792 singulos3
1645 731 1756 777 trita

162 797 276 844 haec
305 797 441 844 melle
471 798 675 844 admixto
705 803 1019 859 reponuntur3
1051 812 1156 844 cum
1189 812 1307 860 opus
1338 805 1423 861 est,
1455 814 1572 860 aqua
1600 799 1756 860 tepida

99 880 141 911 10
164 866 408 914 diluuntur
445 873 491 914 et
527 867 684 914 fauces
723 867 890 913 exinde
927 873 1256 928 perunguntur
1290 875 1616 930 cogunturque
1646 869 1755 915 inde

163 951 300 998 quam
343 937 597 998 plurimum
641 937 863 983 devorare
910 938 990 998 qui
1041 937 1244 984 saucium
1292 937 1452 984 dolore
1505 944 1754 1001 vexantur3

162 1006 298 1053 solvit
339 1008 462 1053 enim
499 1013 710 1053 ventrem
749 1013 794 1052 et
832 1008 894 1053 ita
935 1006 1341 1054 vehementissime
1372 1007 1578 1068 prodest.
1636 1007 1753 1055 Item

160 1075 280 1122 hene
311 1077 421 1123 facit
447 1082 494 1122 et
522 1076 609 1123 hoc
634 1076 1044 1123 medicamentum:
1074 1076 1495 1124 Hirundininorum
1518 1077 1753 1139 pullorum

162 1151 433 1192 exustorum
466 1147 637 1192 cineris
669 1146 708 1191 X
738 1146 771 1208 I,
802 1145 967 1207 hysopi
997 1145 1034 1191 X
1067 1145 1098 1208 Ι,
1129 1148 1241 1192 nitri
1272 1146 1368 1210 XI,
1399 1149 1576 1208 piperis
1608 1147 1646 1193 X
1681 1162 1751 1193 se-

99 1228 139 1259 15
163 1217 365 1278 missem,
396 1215 558 1262 laseris
596 1214 635 1261 X
666 1215 720 1262 ΙΙ.
771 1214 871 1262 Hoc
908 1216 1246 1262 medicamento
1285 1222 1332 1263 et
1369 1219 1555 1277 saepius
1594 1218 1751 1263 fauces

162 1290 209 1331 et
246 1286 456 1345 pressius
496 1286 650 1331 fricari
690 1291 886 1345 oportet.
954 1285 1112 1331 Multis
1143 1292 1190 1331 et
1226 1285 1315 1332 hoc
1346 1287 1523 1346 profuit
1551 1287 1751 1333 medica-

159 1362 391 1402 mentum:
429 1355 570 1417 Costi,
608 1356 715 1416 opii,
753 1356 894 1415 anesi,
932 1355 1137 1417 schoeni,
1175 1357 1325 1401 casiae
1363 1357 1509 1418 rufae,
1550 1356 1752 1417 singulo-

159 1438 264 1469 rum
304 1424 343 1470 X
380 1424 535 1484 hinos,
573 1426 639 1485 git
678 1423 715 1469 X
747 1424 787 1486 Ι,
832 1426 1002 1470 amomi
1045 1426 1278 1471 victoriati
1313 1426 1497 1486 pondus
1535 1425 1575 1488 I,
1617 1427 1752 1488 asari,

162 1493 286 1554 quod
325 1500 397 1540 est
435 1508 609 1556 semen,
648 1493 687 1539 X
716 1493 771 1556 ΙΙ,
809 1494 1024 1540 aluminis
1062 1495 1161 1540 fissi
1198 1494 1237 1540 X
1267 1494 1300 1558 Ι,
1338 1495 1483 1555 gallae
1521 1495 1646 1556 quod
1680 1503 1753 1542 est

96 1575 138 1606 20
160 1563 364 1610 medium
403 1563 718 1624 magnitudine
757 1565 923 1609 ciceris
953 1563 1120 1624 pilulas
1154 1578 1350 1610 numero
1381 1564 1431 1628 V,
1469 1566 1597 1611 croci
1626 1564 1666 1611 X
1696 1565 1752 1627 ΙΙ,

159 1635 542 1693 crocomagmatis
578 1634 809 1679 victoriati
839 1633 1037 1695 pondus,
1076 1648 1258 1695 myrrae
1289 1635 1522 1680 victoriati
1551 1635 1749 1696 ponduS,

158 1702 449 1748 aristolociae
480 1702 682 1748 Graecae
714 1702 753 1748 X
784 1702 880 1764 1111,
919 1705 1119 1749 cinnami
1151 1703 1188 1749 X
1221 1703 1297 1765 ΙΙΙ,
1336 1703 1641 1751 hirundinum
1673 1704 1749 1750 sil·

158 1773 383 1818 vestrium
429 1778 701 1818 exustorum
746 1772 979 1832 pullorum
1025 1774 1198 1819 cineris
1236 1773 1274 1818 X
1309 1773 1369 1836 V,
1415 1774 1550 1820 nardi
1594 1776 1750 1834 spicae

159 1842 393 1888 victoriati
415 1842 611 1902 pondus.
656 1841 790 1888 Melle
814 1843 967 1889 Attico
997 1842 1270 1903 despumato
1302 1843 1750 1904 conprehenduntur

96 1922 137 1954 25
159 1910 274 1957 haec
319 1913 471 1957 omnia
516 1911 763 1972 diligenter
806 1913 936 1974 trita3
982 1926 1090 1958 cum
1134 1918 1289 1959 autem
1336 1927 1454 1974 opus
1498 1914 1642 1960 fuerit
1677 1928 1749 1960 re-

157 1983 312 2041 parari
348 1980 438 2027 hoc
475 1981 887 2043 medicamentum,
924 1982 1152 2028 adicietur
1190 1982 1312 2043 quod
1351 1985 1464 2029 satis
1501 1984 1592 2030 erit
1629 1985 1749 2030 eius·

157 2049 264 2095 dem
302 2050 451 2097 mellis
489 2057 536 2096 et
573 2052 640 2097 sic
678 2051 891 2098 faucibus
927 2053 1175 2097 inseretur.
1241 2051 1340 2098 Hoc
1378 2052 1504 2099 Livia
1541 2053 1748 2113 Augusta

159 2133 345 2180 semper
374 2122 684 2181 compositum
714 2120 876 2167 habuit
905 2127 952 2167 et
975 2121 1270 2167 reconditum
1295 2124 1342 2167 in
1365 2122 1552 2168 vasculo
1576 2125 1747 2185 vitre03

159 2189 269 2235 facit
307 2191 429 2235 enim
468 2191 664 2236 mirifice
702 2190 947 2236 adversum
984 2192 1198 2251 anginam
1237 2199 1284 2237 et
1320 2192 1601 2252 synanchen.

94 2271 137 2301 ao
297 2259 683 2306 Medicamentum
723 2260 776 2305 ad
809 2262 1038 2323 anginam,
1076 2261 1199 2320 quod
1230 2261 1493 2323 devoratur,
1524 2267 1749 2322 quantum

160 2327 304 2388 digito
334 2343 427 2375 uno
459 2329 559 2375 tolli
588 2329 659 2375 vel
690 2329 844 2390 colligi
873 2336 1041 2392 potest,
1072 2332 1369 2391 componitur
1399 2345 1455 2376 ex
1486 2331 1579 2377 his:
1617 2331 1747 2377 Rhus

159 2397 337 2458 Syriaci
352 2399 530 2445 denarii
551 2401 805 2460 semissem,
829 2399 993 2460 hysopi
1012 2400 1299 2460 tantundem,
1323 2415 1541 2461 ceparum
1561 2400 1746 2462 Cypria-

157 2481 263 2512 rum
307 2470 457 2528 capita
502 2471 609 2530 tria,
654 2469 818 2515 laseris
862 2469 1102 2530 Cyrenaici
1147 2476 1371 2530 quantum
1417 2472 1515 2516 ervi
1552 2485 1747 2531 granum

158 2541 248 2598 est,
287 2539 382 2583 vini
418 2537 536 2584 bene
575 2539 754 2584 odorati
793 2539 982 2600 cyathos
1019 2546 1130 2585 treS.
1204 2539 1319 2585 Cum
1358 2541 1464 2585 vino
1506 2555 1646 2601 cepae
1684 2542 1747 2586 ita

272 2702 296 2738 6
335 2699 378 2739 et
409 2703 508 2750 post
543 2699 653 2741 bene
688 2713 766 2742 om.
910 2705 934 2741 8
966 2712 1156 2752 caci-yos.
1302 2704 1352 2742 13
1389 2702 1746 2743 herundinorum.

163 2755 212 2793 15
247 2754 626 2796 medicamentum.
745 2761 795 2798 16
827 2756 1003 2809 oportit.
1119 2761 1171 2797 22
1203 2757 1506 2799 herundinum.

1788 393 1813 430 3

1787 601 1813 637 4
