1898 3016
805 99 1140 149 „22-

172 240 280 272 cum
304 225 536 272 desiderio
561 227 779 288 recentis,
804 241 895 287 quo
918 225 1227 288 cruciabatur,
1251 233 1400 274 totum
1425 228 1549 290 quod
1573 230 1616 275 ei
1640 228 1761 275 obla·

170 296 315 342 latum
353 295 506 341 fuerat
542 294 785 358 ebibisset,
831 301 1046 343 auctores
1087 296 1343 343 medicinae
1381 299 1555 361 magni,
1600 300 1680 359 qui
1716 298 1762 345 id

172 363 464 427 spectabant,
512 364 906 412 exclamaverunt:
966 365 1190 412 Occidisti
1240 365 1489 414 hominem.
1555 367 1763 414 Necdum

171 449 260 480 vox
308 448 471 481 eorum
517 434 572 481 ab
619 449 698 481 ore
750 441 1044 497 manaverat,
1097 450 1121 481 e
1176 437 1369 496 vestigio
1421 451 1529 483 eum
1574 451 1764 483 somnus

172 505 416 565 occupavit
446 504 682 565 sudorque
712 504 929 566 perfudit.
981 504 1160 559 Quibus
1191 519 1275 567 ego
1298 506 1637 568 praesentibuS,
1670 506 1761 553 cle·
1787 519 1806 550 5

171 575 460 620 mentissime
505 576 780 637 imperator,
829 575 971 620 tantis
1020 574 1206 621 sudoris
1250 576 1351 622 eius
1395 575 1763 623 abstersionibus

170 642 390 706 laboravi,
428 650 493 705 ut,
534 646 573 690 si
604 644 698 690 dici
727 644 796 690 fas
827 645 901 705 sit,
932 643 1063 691 Nilus
1094 659 1149 690 ex
1180 646 1280 692 eius
1304 659 1501 707 corpore
1524 646 1764 692 videretur

172 712 377 760 effluere.
445 712 617 760 Verum
663 728 770 760 cum
815 728 953 774 aeger
1006 715 1360 776 expergefactus
1406 723 1668 762 recreatum
1714 729 1763 762 se

171 784 390 830 extinctis
428 782 640 829 febribus
678 790 724 830 et
754 783 810 829 ab
842 784 1109 830 infirmitate
1141 784 1361 831 leviorem
1392 799 1494 831 esse
1527 786 1763 847 sensisset,

169 854 347 899 ventris
386 854 523 899 etiam
562 855 716 914 coepit
754 853 985 899 desiderio
1023 853 1324 900 vehementer
1361 855 1533 915 urgeri.
1600 853 1763 901 Adlato
1788 867 1827 897 10

170 923 327 984 itaque
365 922 552 970 vasculo
591 937 726 969 omne
765 922 853 969 alvi
890 937 1029 985 onus,
1068 938 1159 984 quo
1198 923 1495 986 gravabatur,
1535 926 1763 987 exposuit,

170 991 226 1038 ad
271 998 365 1038 tam
403 992 557 1039 dirum
601 993 819 1055 fetorem,
866 999 918 1039 ut
963 1007 1123 1039 omnes
1162 994 1243 1054 qui
1279 993 1372 1039 illic
1410 994 1602 1040 aderant
1638 994 1763 1054 fuga-

170 1067 350 1124 rentur,
382 1062 647 1109 dicentibus
677 1063 880 1123 egregiis
909 1062 1117 1125 medicis,
1153 1062 1275 1123 quod
1307 1065 1459 1109 omnia
1491 1065 1591 1110 eius
1622 1065 1764 1110 inter-

169 1145 283 1178 anea
320 1133 629 1192 putruissent.
692 1132 803 1178 Post
839 1131 954 1178 haec
991 1146 1016 1178 a
1053 1146 1128 1178 me
1166 1145 1306 1192 aeger
1343 1133 1399 1179 ad
1436 1132 1624 1179 balneas
1661 1134 1764 1179 mit-

169 1202 306 1263 titur,
352 1207 405 1247 ut
457 1201 637 1248 lavacro
684 1203 785 1248 eius
833 1202 1018 1247 siccitas
1056 1202 1304 1262 umigetur.
1382 1201 1472 1256 Qui
1508 1210 1765 1263 perunctus
1788 1214 1827 1245 15

169 1271 424 1331 unguentis
467 1270 868 1332 remediabilibus,
917 1285 1022 1317 cum
1074 1277 1181 1332 post
1228 1270 1445 1318 balneum
1490 1274 1766 1319 vestimenta

170 1341 449 1403 accepisset,
497 1341 628 1387 sitire
670 1355 719 1387 se
768 1341 904 1403 dixit3
951 1341 1106 1387 statim
1144 1355 1251 1387 eum
1288 1340 1542 1404 absinthi0,
1586 1342 1634 1387 in
1674 1356 1764 1403 quo

168 1409 436 1472 libysticum
481 1411 634 1457 fuerat
679 1410 943 1473 decoctum,
988 1424 1290 1471 progressum
1333 1426 1357 1457 a
1395 1410 1559 1457 balneo
1595 1413 1765 1474 potavi,

169 1494 228 1526 ne
260 1480 371 1541 quid
402 1482 685 1527 causationis
715 1482 762 1526 in
794 1479 1073 1540 corpusculo
1104 1481 1206 1526 eius
1236 1488 1458 1544 maneret,
1491 1496 1582 1542 quo
1613 1483 1764 1528 vesica

170 1548 370 1611 scybalis
414 1549 486 1596 vel
532 1549 763 1611 lapidibus
808 1564 892 1610 per
936 1550 1086 1595 vicina
1129 1549 1229 1596 loca
1279 1550 1540 1596 meantibus
1584 1565 1763 1611 preme·
1787 1561 1828 1592 20

170 1625 317 1666 retur.
375 1619 599 1681 Praecepi
637 1621 775 1666 etiam
813 1620 856 1666 ei
893 1633 1047 1665 escam
1083 1619 1187 1665 fieri
1224 1619 1281 1665 de
1319 1619 1620 1666 minutalibus
1657 1635 1764 1681 por-

171 1690 304 1752 cinis,
341 1689 388 1736 id
427 1695 500 1736 est
528 1689 784 1751 podocyliis
816 1694 862 1735 et
891 1688 1172 1751 ventricu103
1209 1690 1258 1735 in
1290 1703 1428 1750 quem
1453 1689 1763 1736 ventriculum

170 1767 353 1806 acetum
398 1760 681 1821 cyminatum
726 1759 909 1805 modico
959 1757 1138 1805 adiecto
1183 1758 1330 1805 lasere
1376 1760 1499 1805 mitti
1538 1759 1763 1822 mandavi,

169 1835 222 1874 ut
260 1830 448 1875 omnino
487 1835 675 1876 excocta
714 1843 821 1875 caro
853 1830 991 1875 etiam
1023 1842 1238 1875 ossorum
1270 1828 1488 1875 duritiam
1520 1828 1764 1890 emolliret,

169 1904 223 1944 ut
253 1897 405 1945 soluta
436 1913 601 1945 eorum
629 1898 831 1945 medulla
862 1912 968 1944 cum
998 1899 1100 1944 iure
1131 1899 1232 1959 ipso
1264 1897 1608 1945 absorberetur.
1659 1898 1762 1944 Non
1785 1908 1826 1940 25

170 1967 364 2015 dubium
403 1975 475 2015 est
508 1975 677 2031 autem,
709 1969 882 2030 optime
913 1969 1180 2029 imperator,
1213 1968 1337 2029 quod
1366 1982 1423 2014 ex
1453 1968 1762 2028 indigestione

170 2043 471 2085 externarum
516 2038 996 2099 crudissimarumque
1046 2037 1342 2098 crapularum
1393 2036 1465 2083 vel
1517 2038 1762 2098 superfusa

170 2107 343 2154 diversi
378 2109 617 2155 nimietate
659 2110 754 2154 vini
791 2107 982 2168 repletis
1021 2113 1068 2154 et
1108 2121 1255 2168 paene
1299 2106 1589 2154 tumentibus
1633 2108 1762 2153 venis

169 2184 308 2238 potus
360 2179 409 2224 in
461 2177 721 2225 visceribus
768 2183 1083 2239 amarescunt,
1134 2176 1345 2223 aufertur
1391 2190 1601 2239 somnus,
1655 2175 1761 2223 sub-

168 2249 383 2308 sequitur
414 2247 540 2294 calor
571 2255 708 2309 atque
739 2247 1027 2294 occultarum
1058 2245 1259 2292 febrium
1288 2247 1435 2306 pestis
1466 2252 1512 2292 et
1535 2246 1761 2307 quaedam
1784 2255 1825 2286 30

168 2316 366 2364 frenesis
397 2317 538 2378 pulsu
569 2317 817 2364 cerebrum
846 2317 1088 2378 inquietat,
1120 2322 1282 2362 venter
1309 2315 1529 2376 durescit,
1561 2317 1640 2376 qui
1670 2317 1759 2362 iam

169 2385 343 2433 dudum
394 2387 568 2434 crudus
613 2387 820 2449 repletus
867 2387 1039 2447 fuerat,
1088 2384 1454 2432 exuberantibus
1499 2384 1636 2447 cibis;
1682 2386 1762 2445 qui

169 2455 280 2501 dum
328 2464 673 2519 excoquuntur,
719 2457 1008 2516 consumptis
1057 2469 1174 2515 quae
1219 2454 1374 2501 umida
1419 2460 1547 2512 sunt,
1586 2454 1761 2500 inflam-

283 2579 304 2615 1
337 2576 444 2631 quo]
475 2590 574 2629 qua.
680 2582 704 2619 5
734 2575 930 2630 perfodit
958 2580 1046 2616 Im.
1151 2579 1200 2616 13
1230 2573 1431 2616 interana
1459 2578 1535 2615 Im
1565 2586 1588 2615 e
1619 2575 1762 2616 littera

169 2632 473 2684 superscripta.
590 2638 642 2674 15
672 2632 919 2687 perductus.
1030 2633 1080 2671 18
1111 2629 1326 2671 libestico.
1434 2635 1483 2671 19
1515 2629 1664 2671 vesica
1685 2634 1709 2671 1
1720 2643 1762 2671 m

168 2686 330 2729 vissica
359 2691 453 2730 2m.
605 2693 656 2729 21
690 2688 749 2743 ei]
781 2689 838 2730 et.
997 2691 1049 2727 22
1080 2685 1308 2739 podocylis
1450 2686 1598 2739 quem]
1631 2686 1759 2738 quod.

166 2746 224 2784 24
255 2756 450 2786 ossorum
482 2745 589 2798 (sic).
693 2743 927 2786 emoiisset.
1026 2746 1079 2784 28
1108 2754 1232 2796 pene.
1328 2745 1380 2783 33
1412 2743 1759 2793 exquoquuntur.
