1930 3008
850 126 908 131 —
985 55 1226 148 304‘-

243 237 362 284 aqua
406 223 631 286 admixta3
676 224 839 271 eodem
884 224 1022 271 modo
1060 224 1264 271 dandum
1302 230 1373 271 est
1410 230 1457 271 et
1494 226 1575 287 eis,
1614 226 1695 287 qui
1732 238 1834 272 san-

243 294 434 354 guinem
471 306 554 355 per
591 295 775 340 urinam
812 293 886 340 vel
922 293 1074 340 alvum
1109 293 1335 356 reddunt,
1378 308 1466 340 nec
1502 296 1658 341 minus
1696 296 1836 341 etiam

243 362 539 424 mulieribus,
591 378 708 424 quae
754 363 902 410 ssuore
949 362 1304 423 sanguinolento
1347 364 1650 426 infestantur,
1697 377 1835 425 quem

244 431 368 479 rhun
406 432 630 493 erythron
667 433 834 479 Graeci
870 433 1047 494 dicunt,
1083 432 1155 478 vel
1194 447 1310 493 quae
1348 447 1405 479 ex
1441 439 1580 493 partu
1611 433 1836 480 abortuve

243 501 459 548 residuos
497 501 658 548 vulvae
696 502 880 548 dolores
917 501 1112 565 habent,
1149 508 1196 552 et
1232 504 1280 547 in
1317 508 1483 564 totum,
1520 502 1690 563 quibus
1728 517 1836 563 sup·
1858 516 1878 547 5

243 570 518 632 primendus
563 578 636 618 est
679 571 801 617 fluor
844 577 925 618 aut
961 585 1017 617 ex
1054 571 1206 632 aliqua
1242 577 1374 632 parte
1413 574 1624 633 corporis
1660 571 1837 618 inflatio

243 639 460 687 tollenda.
519 639 704 702 Recipit
740 647 896 687 autem
932 641 1068 688 haec:
1107 640 1271 703 Spicae
1308 641 1455 703 nardi,
1494 643 1626 704 costi,
1662 642 1838 703 piperis

245 709 358 772 albi,
399 711 577 771 piperis
613 712 751 773 nigri,
787 712 965 772 piperis
1001 710 1142 773 longi,
1180 725 1376 774 myrrae,
1414 712 1522 773 opii,
1557 710 1838 773 Apollinaris

244 779 431 841 radicis,
469 781 685 842 cinnami,
723 782 859 842 asari,
897 781 1036 843 acori,
1073 782 1208 843 turis,
1245 779 1479 827 brassicae
1517 783 1728 843 seminis,
1766 794 1838 827 ca-

245 851 410 911 storei,
456 849 747 910 singulorum
792 850 1008 896 denarios
1053 848 1158 912 XII,
1203 851 1483 911 opopanacis
1527 849 1567 895 X
1612 849 1673 912 X,
1718 857 1838 897 stoe-
1861 862 1898 892 10

245 917 428 980 chadis‚
480 918 637 981 dauci,
689 934 867 982 ameos,
919 919 1211 980 singulorum
1259 919 1474 965 denarios
1523 918 1688 981 XVIII,
1740 918 1838 966 silis

245 986 418 1034 Cretici
461 987 502 1033 X
541 987 732 1051 XXIIII3
777 989 912 1035 melle
956 989 1110 1035 Amico
1155 988 1270 1035 haec
1314 990 1615 1049 excipiuntur
1658 1003 1710 1035 ac
1754 990 1839 1035 mi-

246 1062 450 1103 scentur.
516 1057 662 1104 Datur
698 1073 792 1104 non
829 1058 934 1118 plus
974 1072 1112 1119 quam
1150 1058 1329 1104 denarii
1364 1058 1547 1118 pondus
1584 1064 1665 1104 aut
1696 1060 1839 1104 victo-

245 1127 373 1188 riati;
411 1129 596 1190 ceteris,
633 1134 775 1188 prout
811 1129 1041 1188 cuiusque
1080 1129 1203 1173 vires
1233 1126 1552 1189 postulabunt,
1590 1127 1838 1174 dummodo

245 1195 366 1241 infra
395 1195 484 1242 hoc
513 1196 713 1259 pondus,
744 1210 800 1242 ex
831 1211 976 1257 aquae
1007 1195 1179 1243 calidae
1208 1196 1386 1256 cyathis
1409 1196 1561 1243 tribus
1582 1198 1631 1242 in
1654 1202 1840 1243 noctem
1863 1208 1903 1239 15

246 1264 508 1311 secundum
553 1280 728 1312 cenam.
800 1265 925 1313 Haec
970 1268 1098 1327 potio
1144 1267 1283 1312 etiam
1327 1265 1700 1313 febricitantibus
1737 1271 1839 1313 tuto

247 1333 398 1397 datur,
436 1349 600 1381 verum
638 1335 853 1382 coeliacis
884 1338 932 1382 in
965 1337 1067 1397 ipso
1099 1335 1258 1381 dolore
1288 1336 1493 1396 prodest.
1544 1334 1701 1383 Vitreo
1732 1350 1839 1383 vase

247 1403 334 1450 sub
372 1404 626 1466 signacuIO,
663 1411 717 1451 ut
752 1407 897 1451 moris
935 1412 1020 1468 est,
1058 1410 1283 1451 servatur.

386 1473 455 1519 Ad
487 1473 579 1520 coli
607 1474 816 1520 dolorem
845 1475 1023 1522 faciunt
1050 1474 1238 1536 quidem
1261 1475 1457 1521 mirifice
1481 1488 1599 1535 quae
1623 1475 1839 1535 superius

245 1544 398 1603 posita
421 1550 544 1606 sunt,
568 1544 650 1590 sed
675 1550 726 1590 ut
749 1551 904 1590 cetera
927 1545 1264 1591 medicamenta
1286 1545 1335 1589 in
1359 1544 1460 1590 aliis
1482 1546 1608 1590 vitiis
1632 1543 1841 1590 dolorem
1862 1556 1904 1586 20

246 1611 400 1659 levant
428 1614 660 1676 protinus,
690 1615 754 1660 ita
782 1613 886 1678 hoc,
917 1614 1041 1675 quod
1073 1613 1286 1660 dicturus
1317 1627 1435 1676 sum,
1469 1627 1610 1674 supra
1640 1613 1840 1659 hominis

248 1687 295 1728 et
332 1696 463 1743 spem
501 1690 549 1730 et
584 1683 907 1730 condicionem
943 1683 1049 1730 ilico
1079 1683 1273 1744 prodest
1307 1683 1507 1744 ideoque
1543 1684 1694 1743 primo
1725 1688 1840 1729 tem-

246 1765 362 1813 pore
398 1767 458 1798 ne
495 1752 611 1799 fides
650 1753 839 1814 quidem
875 1753 1076 1800 habetur
1113 1753 1301 1799 effectui
1331 1753 1446 1814 eius,
1482 1758 1644 1813 postea
1674 1765 1784 1798 vero
1815 1765 1841 1797 a

247 1820 376 1867 nullo
401 1823 513 1868 satis
537 1822 675 1883 digne
698 1823 878 1869 laudari
899 1829 1076 1886 potest3
1106 1837 1213 1869 nam
1236 1828 1283 1868 et
1304 1823 1353 1868 in
1375 1822 1612 1882 praesenti
1634 1821 1841 1868 dolorem

248 1890 370 1937 tollit
406 1898 452 1938 et
488 1893 538 1938 in
575 1892 788 1939 futurum
825 1894 1071 1955 remediat,
1115 1907 1175 1938 ne
1219 1906 1441 1952 umquam
1478 1890 1609 1937 dolor
1645 1896 1839 1951 repetat.
1864 1901 1904 1932 25

248 1960 369 2006 Raro
409 1963 532 2008 enim
567 1964 672 2023 quis
702 1963 875 2009 iterum
905 1969 986 2009 aut
1015 1968 1068 2009 ut
1098 1975 1332 2008 summum
1362 1962 1502 2007 tertio
1533 1966 1722 2021 accepto
1753 1960 1843 2006 hoc

248 2030 589 2078 medicamento
627 2039 818 2079 vexatus
853 2039 946 2095 est3
984 2031 1286 2093 quamobrem
1317 2032 1357 2076 si
1387 2029 1570 2091 quando
1601 2030 1844 2090 repetierit

248 2101 422 2146 iterum
460 2100 605 2164 dolor,
644 2102 820 2148 dandae
859 2108 998 2148 erunt
1033 2116 1118 2162 per
1157 2100 1364 2147 triduum
1402 2105 1448 2146 et
1484 2105 1598 2146 tunc
1629 2101 1842 2160 potiones

250 2168 413 2215 eodem
458 2170 618 2232 mode,
662 2185 753 2231 quo
799 2177 846 2218 et
890 2173 1042 2232 primo
1089 2171 1220 2217 datae
1266 2170 1452 2216 fuerint.
1519 2169 1758 2215 Interdum
1796 2173 1844 2214 et

249 2240 298 2284 in
342 2240 482 2285 tertio
529 2239 688 2286 dolore
735 2241 900 2287 eodem
944 2255 1115 2301 genere
1160 2241 1372 2300 potiones
1417 2237 1675 2300 dabuntur,
1718 2236 1843 2297 quod
1866 2249 1906 2279 30

249 2322 356 2354 raro
395 2308 583 2369 quidem
622 2311 816 2373 accidet,
857 2315 911 2357 ut
946 2315 1054 2372 post
1082 2310 1280 2371 primam
1310 2309 1546 2369 potionem
1577 2306 1709 2352 dolor
1739 2305 1842 2351 red-

251 2383 345 2440 eat3
397 2378 479 2424 sed
525 2380 566 2424 si
610 2379 886 2426 admonente
931 2394 1071 2426 causa
1117 2380 1288 2425 iterum
1337 2382 1476 2437 atque
1522 2378 1693 2422 iterum
1738 2375 1845 2420 data

250 2446 413 2509 fuerit,
456 2449 505 2494 in
554 2447 766 2496 futurum
811 2463 998 2511 quoque
1044 2451 1108 2495 ita
1152 2445 1446 2508 remediabit,
1491 2451 1543 2491 ut
1587 2459 1646 2491 ne
1695 2445 1844 2505 suspi-

252 2517 324 2562 cio
370 2517 558 2578 quidem
606 2517 697 2565 ulla
733 2519 842 2566 huic
880 2520 991 2565 vitio
1029 2518 1342 2578 relinquatur3
1388 2516 1428 2561 si
1465 2513 1648 2575 quando
1686 2519 1843 2560 tamen

364 2682 416 2719 23
446 2679 522 2734 ne]
553 2692 646 2721 nec.
813 2680 991 2733 quidem
1020 2692 1098 2722 om.
1230 2674 1406 2719 effectui
1435 2676 1614 2729 scripsi:
1644 2673 1842 2716 effectus,

252 2735 304 2774 27
335 2733 719 2777 medicamentum.
835 2740 887 2777 28
919 2735 1076 2776 danda.
