1898 3016
744 108 1079 157 -11-

114 233 457 295 defervefacies,
495 234 602 281 inde
641 249 807 296 aquam
845 249 924 281 ore
961 235 1237 299 continebis,
1275 237 1356 284 sed
1389 243 1529 299 caput
1558 237 1704 285 calide

67 307 73 311 '
113 302 356 367 tractabis,
400 310 453 350 ut
495 303 608 350 fluat
645 306 826 365 pituita.
885 303 1019 358 Quod
1065 307 1104 352 si
1143 308 1247 367 quis
1284 307 1511 370 neglegit,
1556 310 1706 369 capiet

114 374 314 433 epiforas
345 373 588 420 oculorum
620 380 698 420 aut
729 375 939 421 dentium
970 375 1041 421 vel
1073 378 1256 422 aurium
1285 376 1506 425 dolorem.
1559 377 1705 425 Inter·

112 443 223 490 dum
269 444 407 489 etiam
453 448 657 490 strumae
701 444 1032 506 parotidesque
1078 454 1337 492 nascuntur
1374 454 1421 493 et
1457 446 1544 493 alia
1582 449 1706 509 vitia,

68 525 88 557 5
112 527 230 574 quae
267 514 391 559 circa
428 512 586 559 fauces
621 516 921 575 cervicesque
959 516 1074 561 oriri
1105 514 1274 578 solent3
1312 517 1425 562 item
1455 516 1705 563 destillatio

112 589 191 629 aut
240 581 439 643 gravedo
486 584 668 629 narium
716 585 806 630 erit
858 590 904 630 et
955 585 1190 632 interdum
1244 586 1402 632 ulcera
1452 587 1501 632 in
1554 588 1704 647 capite

110 658 370 699 nascuntur
414 658 494 699 aut
537 653 675 699 etiam
714 653 868 713 capilli
905 653 1129 701 defluunt.
1190 654 1307 702 Cum
1347 661 1502 702 autem
1540 671 1565 702 a
1602 655 1703 702 tho-

109 736 216 768 race
261 719 453 768 morbus
497 724 726 784 nascitur,
771 724 937 783 incipit
981 731 1120 785 caput
1158 725 1326 771 sudare
1363 725 1613 787 linguaque
1653 726 1706 773 fit

110 793 313 838 crassior
349 797 429 837 aut
466 806 518 838 os
555 806 764 839 amarum
799 800 879 839 aut
909 793 1092 840 tusillae
1124 793 1295 841 dolent.
1357 794 1582 842 Oscitatio
1615 797 1706 842 erit

46 874 87 905 10
109 861 331 922 frequens
370 862 470 907 sine
502 875 664 908 somno
702 867 749 908 et
787 863 958 925 quiete,
996 869 1159 924 torpor
1192 863 1524 927 membrorum,
1563 867 1705 911 animi

108 930 261 993 dolor,
298 932 491 992 prurigo
530 933 762 993 corporis,
805 931 993 979 brachia
1031 947 1290 995 manusque
1329 934 1521 981 adsidue
1560 936 1703 981 intre-

107 1002 307 1047 miscent
352 999 597 1062 subitaque
640 1002 784 1048 tussis
830 1017 956 1048 anua
1001 1008 1048 1049 et
1084 1004 1294 1064 inquieta
1330 1010 1562 1051 nascetur.
1634 1003 1704 1050 Ex

106 1069 180 1116 his
225 1085 334 1131 ergo
380 1085 486 1117 cum
531 1070 704 1132 aliquid
751 1071 993 1133 acciderit,
1039 1073 1207 1119 vitabis
1253 1075 1417 1120 vitium
1459 1088 1618 1137 grave,
1664 1076 1705 1120 si

107 1141 341 1187 vomueris
390 1142 485 1186 sive
533 1142 719 1188 ieiunus
769 1143 865 1187 sive
909 1147 1015 1203 post
1062 1157 1224 1189 cenam
1281 1143 1351 1189 vel
1404 1145 1452 1190 in
1505 1143 1702 1191 balineo.

45 1222 84 1254 15
106 1208 217 1256 Plus
254 1215 409 1256 autem
446 1210 658 1273 prodest,
698 1212 738 1256 si
777 1213 964 1258 ieiunus
1002 1211 1141 1258 bilem
1179 1214 1396 1275 eieceris;
1438 1227 1540 1259 eam
1578 1215 1702 1260 enim

108 1279 307 1326 dicimus
352 1287 549 1326 matrem
593 1279 877 1327 morborum.
955 1281 1044 1328 Sed
1085 1284 1166 1343 qui
1203 1297 1389 1328 vomere
1427 1282 1594 1330 nolunt
1629 1283 1704 1330 vel

104 1363 198 1395 non
236 1356 455 1409 possunt,
494 1352 599 1410 quia
635 1350 873 1397 stomacho
911 1350 1143 1414 laborant,
1182 1351 1364 1398 decimo
1403 1367 1588 1413 quoque
1627 1353 1701 1399 die

104 1419 353 1465 ieiunando
385 1421 508 1465 omni
540 1419 644 1466 cibo
676 1434 724 1466 se
755 1419 1036 1467 abstineant:
1070 1436 1161 1482 quo
1193 1422 1314 1468 facto
1338 1423 1502 1469 vitium
1526 1423 1700 1481 grande

103 1488 336 1551 vitabunt3
380 1503 485 1535 nam
531 1489 803 1550 frequenter
849 1490 1078 1536 vomendo
1124 1491 1241 1537 solet
1286 1492 1554 1538 stomachus
1593 1507 1699 1538 con-

40 1571 81 1602 20
103 1559 272 1619 rumpi.
331 1557 464 1611 Quod
496 1560 537 1604 si
566 1573 591 1605 a
619 1566 778 1605 ventre
803 1559 996 1606 morbus
1020 1561 1214 1623 orietur,
1244 1560 1358 1607 haec
1383 1567 1523 1607 erunt
1546 1563 1701 1622 signa:

101 1627 274 1674 Venter
304 1634 512 1675 vertetur
542 1635 681 1689 atque
711 1628 978 1675 turbabitur
1009 1637 1055 1676 et
1082 1632 1254 1677 sentiet
1280 1630 1473 1677 crebros
1497 1630 1698 1692 dolores,

103 1697 236 1744 cibus
274 1703 320 1744 et
357 1699 484 1758 potio
522 1712 675 1744 amara
712 1698 1017 1761 videbuntur,
1059 1714 1210 1760 genua
1249 1700 1512 1764 succident,
1550 1700 1698 1747 lumbi

101 1766 439 1829 gravabuntur,
487 1768 840 1829 interscaplium
885 1769 1190 1816 contrahetur
1233 1776 1478 1831 totumque
1525 1785 1696 1832 corpus

101 1836 416 1898 particulatim
440 1837 720 1898 gravabitur,
745 1837 1054 1885 tardabuntur
1076 1839 1232 1900 pedes,
1258 1841 1390 1900 pigra
1413 1840 1526 1886 fient
1543 1855 1694 1902 crura,

39 1919 79 1952 25
102 1920 240 1952 renes
284 1906 575 1953 indolescent
612 1914 658 1953 et
695 1913 800 1968 post
838 1908 951 1955 haec
990 1908 1243 1955 febriculae
1281 1911 1538 1956 incurrent.
1613 1909 1695 1957 His

100 1977 258 2037 itaque
297 1978 494 2037 cognitis
531 1979 681 2038 prima
716 1983 788 2023 est
818 1977 1126 2024 abstinentiae
1157 1978 1346 2026 utilitas.
1405 1978 1523 2026 Tum
1556 1981 1695 2026 etiam

100 2045 468 2092 medicamentis
504 2046 654 2093 alvum
699 2048 892 2108 purgari
936 2047 1190 2110 oportebit,
1242 2054 1295 2096 ut
1339 2063 1476 2110 grave
1523 2064 1695 2110 corpus

99 2115 370 2162 levamentis
400 2117 600 2163 iuvetur.
675 2116 807 2171 Quod
840 2119 879 2162 si
909 2117 1101 2164 morbus
1132 2120 1279 2165 maior
1316 2133 1531 2179 premere
1569 2119 1694 2166 vide-

100 2184 251 2249 bitur,
296 2186 470 2232 adicies
516 2186 711 2232 alterum
757 2186 881 2232 diem
926 2186 1253 2250 abstinentiae,
1299 2190 1339 2235 si
1379 2194 1534 2234 tamen
1572 2190 1694 2235 vires

37 2267 79 2298 30
99 2257 357 2316 patientur:
404 2257 475 2301 sin
519 2258 686 2318 minus,
733 2271 870 2317 quam
911 2256 1199 2304 levissimum
1238 2272 1393 2316 sumes
1433 2257 1604 2320 cibum,
1642 2265 1695 2305 ut

100 2339 238 2371 ovum
276 2325 447 2371 sorbile
484 2332 665 2372 tantum
704 2332 784 2372 aut
814 2325 987 2387 aliquid
1019 2341 1102 2372 ovo
1135 2327 1283 2374 simile
1315 2329 1529 2388 accipias.
1594 2327 1694 2374 Hoc

101 2396 182 2455 qui
218 2394 491 2458 neglegunt,
536 2395 654 2442 flunt
692 2395 874 2458 cyliaci,
920 2398 1185 2460 torminosi,
1224 2397 1516 2461 dysinterici,
1554 2399 1694 2444 etiam

101 2478 156 2509 ex
203 2478 256 2510 eo
302 2471 559 2512 nascuntur
603 2467 830 2512 tertianae
876 2472 923 2512 et
968 2473 1241 2527 quartanae,
1294 2468 1410 2514 fiunt
1453 2467 1693 2528 podagrici

213 2590 236 2626 2
278 2587 435 2639 capeat
462 2589 539 2627 Im
570 2585 719 2639 capiat
748 2590 840 2629 2m.
1014 2591 1038 2628 8
1076 2587 1272 2628 nascitur
1307 2600 1384 2629 om.
1536 2587 1694 2641 incipit

102 2640 252 2695 caput]
290 2640 336 2681 in
374 2642 507 2695 caput
537 2642 701 2684 additis
729 2654 865 2695 supra
896 2643 1054 2684 lineam
1084 2642 1192 2695 cipit
1219 2644 1412 2698 syllabis.
1531 2648 1584 2685 14
1613 2643 1694 2686 ba.-

99 2695 216 2738 lineo
246 2701 335 2748 lm,
364 2710 482 2739 nunc
511 2697 526 2739 i
555 2698 699 2740 littera
728 2711 852 2740 erasa
882 2703 953 2740 est.
1056 2702 1109 2739 28
1139 2698 1415 2741 videbuntur.
1515 2704 1568 2741 29
1600 2700 1693 2742 adi-

101 2752 201 2793 cias.
318 2758 371 2795 30
401 2752 634 2795 levissime.
752 2758 803 2795 32
839 2753 1129 2807 dissynteriei.

1736 655 1759 693 ⁷
