1898 3016
771 120 1111 170 ,68-

53 257 107 295 44
138 247 446 294 acritudinem
480 246 773 308 lippitudinis
804 247 950 293 lenies
980 261 1284 307 umoremque
1319 246 1527 293 siccabis.
1582 246 1730 292 Cheli·

136 317 272 363 donia
310 316 453 363 herba
492 318 541 362 in
572 316 876 363 hirundinum
916 322 1123 363 stercore
1162 317 1391 379 nascitur,
1430 330 1545 377 quae
1585 315 1732 362 oculis

134 386 390 447 plurimum
438 386 739 448 suffragatur,
789 387 985 432 maxime
1031 392 1185 432 autem
1228 385 1470 446 caliginem
1508 385 1732 447 deterget,

136 458 175 502 si
211 456 433 517 paulatim
465 456 571 502 inde
604 455 728 502 oculi
759 455 1100 517 suffundantur,
1140 469 1256 516 quos
1288 457 1379 502 cito
1411 457 1458 501 in
1489 457 1733 516 pristinam

51 535 104 572 45
135 525 331 572 formam
377 532 593 573 revocato
638 527 795 586 vigore
842 524 1089 586 reparabit.
1162 524 1437 571 Hirundinis
1476 524 1732 571 ventriculo
1757 537 1776 567 5

136 597 285 642 scisso
331 595 424 641 albi
469 610 521 642 ac
566 596 690 655 nigri
734 594 948 655 lapisculi
991 595 1313 658 inveniuntur,
1366 595 1445 655 qui
1492 596 1531 640 si
1574 593 1734 655 lupino

137 679 278 712 aureo
316 665 618 712 includantur
656 671 702 711 et
741 664 858 710 collo
898 663 1265 726 suspendantur,
1304 678 1486 710 omnem
1526 663 1735 710 dolorem

137 734 381 781 oculorum
419 741 648 796 perpetuo
687 740 917 796 avertent,
958 733 1039 780 sed
1078 742 1123 781 et
1161 741 1321 780 contra
1354 739 1602 795 quartanas
1632 747 1736 794 pro-

137 811 247 851 sunt
293 818 458 851 croceo
505 804 648 850 linteo
699 803 769 850 vel
814 818 965 865 panno
1011 803 1208 850 involuti
1244 803 1432 864 linoque
1471 803 1526 849 ad
1566 802 1737 849 collum

53 884 106 921 46
137 873 357 920 validiore
396 876 628 935 suspensi.
688 873 789 935 Mel,
827 875 874 919 in
915 888 1006 934 quo
1045 887 1155 934 apes
1185 874 1361 919 fuerint
1390 880 1614 934 mortuae,
1649 875 1736 918 uti-
1762 885 1802 914 10

137 943 367 990 lissimum
413 949 484 990 est
529 943 698 1007 oculis,
745 945 785 989 si
828 943 1026 989 nitidum
1072 957 1124 989 ac
1169 958 1341 1004 purum
1385 948 1643 1004 opportune
1693 949 1738 988 et

54 1023 106 1061 47
138 1013 361 1075 paulatim
399 1013 686 1060 infundatur.
747 1012 837 1067 Qui
875 1014 1091 1059 ciconeae
1126 1012 1305 1073 pullum
1337 1012 1556 1059 elixatum
1587 1026 1739 1058 come·

55 1092 109 1131 48
139 1083 275 1146 derit,
310 1090 508 1145 negatur
538 1083 696 1130 multis
729 1085 861 1129 annis
893 1084 1128 1128 continuis
1158 1096 1296 1144 posse
1327 1082 1509 1143 lippire.
1569 1081 1738 1127 Hirnn-

139 1152 300 1200 dinum
332 1153 448 1214 pulli
478 1153 613 1213 plena
644 1153 753 1199 luna
784 1158 1092 1198 excaecantur
1120 1153 1430 1212 restitutaque
1454 1165 1616 1197 eorum
1641 1153 1738 1197 acie

139 1225 288 1283 capita
329 1222 676 1269 conburuntur:
716 1222 884 1268 horum
916 1223 1073 1268 cinere
1112 1236 1218 1268 cum
1255 1221 1390 1267 melle
1430 1222 1572 1267 mixto
1611 1228 1738 1266 recte
1764 1230 1803 1261 15

55 1303 107 1340 49
140 1307 255 1340 usus
295 1294 439 1339 fueris
478 1293 534 1338 ad
568 1291 874 1354 reparandam
905 1291 1148 1337 oculorum
1179 1291 1518 1337 claritudinem.
1578 1289 1741 1336 Lacer-

140 1368 233 1409 tam
271 1362 467 1408 viridem
509 1368 801 1408 excaecatam
839 1376 923 1408 acu
963 1375 1136 1422 cuprea
1167 1362 1215 1406 in
1246 1375 1324 1406 vas
1356 1362 1553 1406 vitreum
1584 1361 1743 1406 mittes

141 1447 247 1479 cum
279 1431 429 1479 anulis
461 1433 630 1495 aureis,
662 1432 910 1493 argenteis,
942 1430 1108 1476 ferreis
1139 1436 1185 1476 et
1209 1429 1460 1492 electriniS,
1492 1431 1533 1475 si
1555 1429 1743 1492 fuerint,

141 1509 221 1549 aut
267 1503 404 1548 etiam
451 1503 659 1563 cupreis,
705 1501 872 1547 deinde
921 1514 998 1546 vas
1044 1499 1261 1561 gypsabis
1300 1506 1379 1546 aut
1417 1499 1604 1545 claudes
1642 1498 1741 1545 dili—

141 1578 306 1633 genter
343 1577 482 1632 atque
522 1570 727 1631 signabis
766 1578 812 1617 et
848 1576 954 1631 post
990 1572 1203 1631 quintum
1236 1569 1306 1615 vel
1339 1570 1588 1630 septimum
1619 1568 1741 1615 diem
1766 1578 1807 1607 20

142 1643 345 1703 aperies,
390 1641 611 1687 lacertam
657 1642 780 1687 sanis
825 1639 1080 1686 luminibus
1125 1640 1354 1701 invenies,
1404 1652 1542 1699 quam
1595 1639 1742 1684 vivam

144 1713 365 1774 dimittes,
396 1710 547 1757 anulis
579 1716 742 1757 contra
765 1709 1089 1771 lippitudinem
1114 1710 1175 1755 ita
1202 1710 1362 1771 uteris,
1392 1714 1444 1754 ut
1475 1707 1743 1768 nonsolum

145 1781 290 1842 digito
328 1786 584 1843 gestentur,
623 1780 704 1827 sed
743 1782 881 1826 etiam
914 1778 1060 1825 oculis
1092 1778 1305 1825 crebrius
1337 1777 1642 1839 adplicentur,
1679 1779 1742 1824 ita

144 1858 197 1899 ut
239 1866 325 1913 per
369 1851 579 1897 foramen
623 1849 750 1897 anuli
794 1850 921 1896 visus
959 1850 1316 1895 transmittatur.
1391 1846 1742 1894 Observandum

146 1936 255 1968 sane
293 1922 530 1984 inprimis,
567 1926 620 1967 ut
664 1922 712 1966 in
749 1919 852 1965 loco
891 1919 1037 1965 nitido
1077 1924 1214 1979 atque
1249 1916 1445 1964 herbido
1484 1917 1744 1978 deponatur
1768 1925 1808 1956 25

147 1990 367 2052 ampulla,
414 1996 460 2036 et
505 2005 611 2037 cum
652 1989 825 2036 lacerta
862 1988 1100 2050 discessit,
1146 1994 1245 2034 tum
1284 1987 1409 2033 anuli
1446 1986 1744 2048 colligantur3

148 2060 488 2108 observandum
535 2061 695 2121 etiam,
740 2065 793 2105 ut
837 2058 945 2105 luna
984 2064 1159 2119 vetere,
1204 2057 1251 2103 id
1301 2064 1372 2103 est
1417 2070 1439 2101 a
1478 2055 1586 2102 luna
1625 2071 1745 2102 nona

148 2129 327 2177 decima
364 2132 412 2176 in
439 2131 741 2176 vicensimam
773 2130 995 2190 quintam,
1034 2127 1106 2174 die
1138 2127 1258 2173 Iovis
1291 2125 1555 2187 Septembri
1585 2141 1744 2172 mense

149 2201 359 2261 capiatur
403 2198 575 2246 lacerta
621 2206 758 2260 atque
803 2199 867 2244 ita
905 2198 1161 2244 remedium
1200 2197 1299 2258 fiat,
1346 2195 1426 2242 sed
1466 2194 1521 2241 ab
1559 2196 1745 2242 homine

66 2279 118 2318 50
149 2272 347 2316 maxime
392 2284 512 2330 puro
558 2275 697 2331 atque
743 2274 884 2315 casto.
956 2267 1141 2313 Lacerti
1185 2265 1345 2311 viridis
1383 2279 1520 2326 quem
1564 2267 1745 2327 ceperis
1768 2276 1808 2307 30

151 2340 223 2386 die
270 2339 390 2386 Iovis
442 2339 552 2386 luna
603 2345 759 2385 vetere
812 2351 972 2383 mense
1020 2335 1282 2397 Septembri
1326 2342 1405 2381 aut
1449 2336 1587 2380 etiam
1634 2350 1744 2396 quo-

151 2424 352 2470 cumque
391 2409 478 2455 alio
518 2409 678 2456 oculos
717 2421 853 2454 erues
891 2421 977 2452 acu
1016 2420 1187 2466 cuprea
1225 2411 1271 2451 et
1307 2406 1429 2450 intra
1467 2403 1638 2450 bullam
1677 2404 1747 2450 vel

151 2479 363 2540 lupinum
403 2493 596 2526 aureum
634 2477 823 2525 claudes
860 2475 1071 2536 colloque
1111 2474 1388 2536 suspendes:
1438 2474 1561 2534 quod
1600 2489 1745 2520 reme-

153 2548 280 2595 dium
314 2549 533 2610 quamdiu
564 2554 720 2595 tecum
754 2545 987 2607 habueris,
1019 2544 1178 2591 oculos
1209 2558 1301 2590 non
1332 2542 1522 2590 dolebis.
1581 2543 1746 2590 Lacer-

269 2660 288 2695 1
323 2654 542 2697 celidonia
640 2658 665 2695 2
696 2653 988 2695 harundinum
1018 2652 1099 2702 (sic
1126 2623 1330 2703 saepius).
1437 2655 1485 2691 11
1520 2651 1748 2703 oportune.

157 2715 208 2752 15
241 2709 443 2752 cinerem.
526 2714 576 2752 16
601 2714 702 2764 post
725 2707 1034 2752 claritudinem
1058 2707 1157 2749 add.
1183 2705 1433 2749 sedandam.
1518 2709 1568 2747 18
1592 2705 1746 2748 anolis.

158 2771 207 2808 19
240 2765 459 2820 cypsabis.
575 2771 627 2807 25
659 2763 925 2819 deponatur]
957 2762 1233 2804 defundatur.
