1898 3016
95 656 148 694 19

790 96 1169 146 —194—

177 225 352 288 pastilli
389 225 445 271 ad
485 225 665 271 denarii
702 226 967 286 semissem,
1014 223 1184 270 dantur
1229 225 1367 271 etiam
1405 225 1780 272 febricitantibus

178 302 226 343 et
272 297 373 341 sine
419 294 550 341 febre
594 296 892 356 potissimum
939 293 1201 354 pleuriticis
1247 301 1293 340 et
1339 295 1781 356 peripleumoniacis

177 380 235 412 ex
266 379 412 427 aquae
444 364 621 411 mulsae
650 363 823 411 dilutae
848 363 1028 426 cyathis
1058 362 1255 425 duobus,
1286 364 1501 425 pthisicis
1532 379 1589 411 ex
1618 379 1781 427 posca3

178 435 235 482 ad
274 434 496 482 convulsa
533 441 691 481 autem
729 440 777 480 et
812 440 951 495 rupta
989 448 1046 479 ex
1083 432 1218 481 melle
1257 439 1303 480 et
1338 440 1483 497 aceto,
1521 436 1693 482 ceteris
1724 449 1782 481 ex

178 520 297 567 aqua
341 504 487 552 calida
531 504 604 550 vel
648 504 830 565 frigida.
901 503 1033 550 Facit
1076 503 1166 550 hoc
1212 503 1605 551 medicamentum
1642 506 1781 552 etiam
1803 515 1824 547 5

179 576 235 622 ad
274 590 368 637 eos,
407 574 577 636 quibus
615 573 885 621 stomachus
922 574 1160 620 inacescit.

322 644 588 707 Antidotus‚
628 659 718 704 qua
754 645 906 690 utitur
944 643 1141 690 Cosmus
1172 643 1227 689 ad
1259 645 1412 690 omnia
1443 645 1628 691 interna
1657 645 1782 706 vitia,

181 730 300 776 quae
339 729 480 776 supra
519 715 694 775 scripta
733 719 864 775 sunt,
909 727 1091 759 necnon
1131 719 1178 759 et
1215 714 1269 759 ad
1309 728 1471 760 omnes
1510 719 1782 776 serpentum

179 787 345 832 noxios
383 798 594 847 morsus3
631 785 801 845 recipit
836 783 973 830 haec:
1012 783 1336 844 Glycyrrhizae
1371 784 1588 830 denarios
1618 783 1720 830 Vlll
1751 783 1782 829 S

181 861 228 902 et
263 856 429 902 tertias
467 855 703 901 victoriati
739 853 812 899 vel
849 854 964 900 duas
1001 860 1173 915 partes,
1212 855 1306 915 opii
1344 854 1560 900 denarios
1603 860 1782 915 septem
1807 864 1847 895 10

181 932 228 972 et
264 926 429 972 tertias
468 930 627 985 partes
664 925 900 970 victoriati
936 923 1007 969 vel
1046 923 1183 985 duas,
1228 926 1428 970 castorei
1472 924 1687 970 denarios
1726 922 1784 968 VI

182 1001 229 1042 et
273 995 507 1041 victoriati
554 994 669 1040 duas
714 995 935 1040 tertiasve
972 999 1152 1055 partes,
1189 995 1366 1054 piperis
1403 993 1530 1054 longi
1567 994 1784 1040 denarios

182 1067 391 1127 quinque
429 1070 477 1111 et
513 1065 747 1110 victoriati
783 1070 965 1124 partem
999 1064 1200 1125 tertiam,
1237 1065 1415 1124 piperis
1446 1063 1538 1109 albi
1568 1064 1784 1110 denarios

181 1137 390 1196 quinque
429 1139 476 1180 et
511 1135 746 1179 victoriati
784 1133 900 1179 duas
937 1134 1159 1179 tertiasve
1193 1139 1364 1195 partes,
1402 1133 1538 1179 nardi
1569 1133 1783 1194 Syriacae

182 1205 400 1251 denarios
437 1202 496 1248 VI
528 1203 582 1264 S,
621 1203 758 1249 dauci
795 1203 988 1249 seminis
1027 1202 1243 1248 denarios
1280 1202 1352 1265 Vl,
1393 1203 1672 1249 malobathri
1708 1203 1784 1249 de·
1810 1211 1849 1242 15

180 1276 340 1321 narios
376 1272 414 1318 V
447 1272 499 1335 S,
546 1274 697 1319 casiae
742 1273 903 1333 nigrae
951 1273 1166 1318 denarios
1214 1274 1421 1334 quinque
1467 1279 1514 1320 et
1553 1274 1787 1320 victoriati

183 1346 450 1406 semissem,
495 1345 616 1390 turis
665 1343 883 1389 denarios
927 1342 984 1404 V,
1031 1342 1087 1388 sil
1132 1342 1348 1389 denarios
1386 1342 1424 1386 V
1469 1349 1515 1389 et
1554 1344 1786 1390 victoriati

184 1415 298 1461 duas
343 1414 565 1460 tertiasve
610 1418 792 1475 partes,
845 1427 979 1458 rosae
1033 1413 1226 1458 caninae
1279 1414 1381 1459 suci
1425 1412 1642 1459 denarios
1691 1428 1787 1475 sex,

183 1485 314 1531 acori
350 1483 569 1529 denarios
607 1483 739 1545 duos,
780 1483 999 1543 sagapeni
1037 1481 1077 1527 X
1108 1481 1162 1543 ΙΙ,
1200 1482 1394 1529 balsami
1431 1485 1622 1529 seminis
1661 1482 1700 1529 X
1732 1482 1786 1545 11,

185 1554 360 1601 scordii
390 1552 429 1599 X
453 1553 490 1598 V
522 1559 569 1599 et
600 1554 832 1599 victoriati
859 1552 973 1598 duas
998 1553 1218 1598 tertiasve
1242 1559 1413 1614 partes,
1443 1568 1626 1614 myrrae
1653 1553 1691 1598 X
1714 1552 1786 1615 Vl,
1810 1561 1851 1591 2⁰

185 1626 311 1671 croci
355 1622 396 1668 Χ
433 1622 490 1668 VI
537 1628 583 1669 et
635 1623 750 1669 duas
803 1623 1036 1668 victoriati
1088 1624 1308 1668 tertiasve
1360 1628 1537 1686 partes,
1590 1625 1786 1670 storacis

184 1694 225 1740 X
254 1693 296 1740 ΙΙ
329 1693 385 1756 S,
425 1694 630 1739 cinnami
666 1692 706 1738 X
736 1691 817 1738 VII
854 1698 901 1738 et
938 1692 1170 1738 victoriati
1207 1691 1322 1738 duas
1358 1694 1578 1739 tertiasve
1614 1699 1788 1755 partes,

182 1763 437 1824 zingiberis
482 1761 522 1808 X
553 1762 634 1808 VII
679 1768 726 1808 et.
769 1763 1002 1808 victoriati
1047 1761 1162 1807 duas
1209 1764 1426 1808 tertiasve
1470 1769 1648 1824 partes,
1689 1763 1787 1824 phu

183 1833 224 1880 X
254 1833 348 1896 Vll,
387 1832 664 1894 petroselini
701 1830 741 1877 X
770 1831 898 1878 XIIII
936 1837 982 1877 et
1013 1831 1128 1877 duas
1159 1834 1379 1878 tertiasve
1410 1834 1643 1880 victoriati
1672 1847 1785 1894 pon-

186 1904 312 1950 deris
343 1910 514 1965 parteS‚
554 1901 747 1948 feniculi
778 1903 969 1948 seminis
1000 1900 1039 1946 X
1064 1900 1163 1963 1111,
1198 1901 1431 1949 saliuncae
1464 1902 1623 1964 XIIII,
1653 1908 1787 1949 rutae
1810 1909 1851 1940 25

186 1973 421 2020 silvaticae
467 1972 601 2034 XII,
647 1973 820 2033 agarici
865 1973 967 2018 suci
1010 1970 1142 2033 XII,
1187 1974 1430 2031 gentianae
1478 1972 1516 2018 X
1553 1972 1658 2035 1111,
1703 1974 1787 2019 iris

185 2042 397 2105 Illyricae
435 2042 475 2088 X
506 2042 557 2105 V,
595 2044 725 2088 anesi
761 2041 800 2087 X
832 2041 915 2103 111,
952 2040 1123 2102 thlaspi
1162 2043 1352 2088 seminis
1393 2042 1430 2087 X
1460 2042 1519 2088 VI
1563 2049 1609 2088 et
1645 2044 1787 2089 victo-

185 2114 296 2160 riati
331 2114 518 2159 tertiam
555 2118 759 2174 partem,
804 2126 938 2158 rosae
977 2110 1195 2157 foliorum
1233 2110 1272 2156 X
1303 2111 1407 2173 IIII,
1456 2113 1628 2173 misyos
1667 2112 1706 2158 X
1737 2111 1787 2173 V,

186 2185 388 2244 gummis
434 2182 672 2229 acanthini
708 2181 748 2227 X
778 2181 840 2244 ΙΙ,
887 2181 1170 2228 cardamomi
1208 2180 1247 2227 X
1276 2180 1382 2243 1111,
1428 2181 1620 2227 schoeni
1656 2181 1786 2228 floris

186 2253 227 2299 X
258 2252 345 2299 IIII
383 2259 431 2299 et
467 2254 702 2299 victoriati
739 2252 854 2298 duas
884 2252 1105 2298 tertiasve
1139 2257 1311 2312 partes,
1349 2253 1628 2311 opopanacis
1659 2250 1700 2297 X
1729 2251 1787 2298 VI
1810 2259 1851 2289 30

187 2329 235 2370 et
272 2324 508 2369 victoriati
545 2322 660 2369 duas
698 2328 855 2384 partes
894 2327 940 2368 et
978 2326 1251 2383 sextantem,
1292 2322 1475 2367 resinae
1512 2320 1787 2368 terebinthi-

187 2407 272 2439 nae
310 2392 351 2438 X
381 2391 440 2438 VI
478 2398 524 2439 et
563 2393 678 2439 duas
716 2393 938 2438 tertiasve
968 2391 1201 2437 victoriati
1230 2395 1399 2452 partes.
1451 2390 1503 2437 In
1533 2393 1640 2437 vino
1673 2391 1786 2438 Chio

186 2462 262 2510 vel
298 2462 496 2508 Falerno
535 2462 658 2508 bono
698 2462 890 2508 odorato
929 2462 1082 2508 omnia
1120 2466 1313 2507 contusa
1353 2459 1648 2522 cribrataque
1680 2476 1786 2508 con-

190 2538 476 2594 sperguntur
515 2538 561 2578 et
598 2531 771 2593 pastilli
808 2531 916 2578 inde
953 2531 1072 2577 fiunt
1102 2530 1275 2575 diversi
1304 2529 1525 2591 ponderis
1557 2532 1630 2578 vel
1659 2546 1786 2577 men-

189 2617 347 2663 surae,
393 2609 563 2662 quanta
609 2601 814 2648 avellana
859 2607 906 2647 et
950 2607 1122 2661 quanta
1167 2599 1268 2645 faba
1306 2600 1531 2662 Aegyptia
1569 2607 1659 2663 est,
1706 2603 1785 2662 qui
1809 2611 1850 2643 35

188 2671 290 2718 dari
320 2671 492 2718 dehent
522 2687 616 2718 non
648 2669 1024 2718 febricitantibus
1055 2684 1111 2715 ex
1141 2669 1306 2731 mulso,
1337 2671 1536 2717 infirmis
1560 2686 1615 2717 ex
1640 2685 1785 2732 aquae

189 2741 362 2788 calidae
402 2741 578 2802 cyathis
615 2741 782 2788 tribus,
