1898 3016
86 418 136 457 37

77 1535 130 1572 38

78 1606 129 1642 39

75 1956 130 1994 40

76 2166 129 2203 41

76 2584 130 2622 42

780 143 1159 194 —230—

170 270 370 317 nucibus
400 269 695 331 iuglandibus
726 273 936 332 purgatis
967 286 1020 318 ac
1050 271 1186 319 melle
1216 272 1362 320 inlitis
1392 275 1442 320 in
1471 274 1575 321 cibo
1607 274 1768 322 datum

172 342 353 402 epatico
392 341 548 387 ieiuno
586 340 799 388 mirabile
841 348 924 388 est.

309 410 542 457 Procliani
579 410 749 457 medici
785 411 1046 458 remedium
1084 411 1140 458 de
1180 414 1498 474 experimento
1529 415 1586 462 ad
1618 417 1767 476 epatis

171 482 532 542 suppurationes
557 486 603 527 et
620 480 778 527 ulcera
804 487 850 528 et
867 487 1151 542 apostemata
1175 483 1262 530 sic:
1289 482 1517 544 Sagapeni
1531 486 1694 532 uncias
1711 485 1766 549 11,

167 565 351 612 myrrae
391 550 714 611 troglodytidis
758 553 919 598 uncias
957 550 1034 614 III,
1072 552 1356 599 cardamomi
1391 555 1553 601 uncias
1584 554 1656 618 VI,
1694 570 1764 602 ca·
1789 564 1809 597 5

168 622 314 667 storei
346 621 506 667 uncias
537 619 613 678 111,
644 622 820 681 piperis
852 620 944 667 albi
973 623 1136 668 uncias
1168 622 1282 669 duas
1313 630 1393 669 aut
1424 625 1464 670 si
1493 623 1649 671 album
1671 639 1767 671 non

167 690 324 753 fuerit,
355 689 550 750 duplum
581 690 638 736 de
670 692 803 751 nigro
833 693 1005 754 mittes,
1037 693 1132 753 opii
1162 694 1323 754 optimi
1353 695 1516 740 uncias
1541 693 1595 741 II.
1641 693 1766 741 Haec

167 762 322 807 omnia
359 766 495 806 tunsa
535 766 581 806 et
619 760 822 808 cribrata
858 776 943 822 per
976 761 1192 823 impubes
1223 777 1395 823 pueros
1427 778 1547 825 aqua
1577 763 1766 825 pluviali

164 830 384 877 miscebis
423 836 469 876 et
505 830 648 876 facies
685 831 946 878 trochiscos
984 831 1040 878 de
1081 831 1204 878 binis
1250 831 1504 896 drachmis,
1551 836 1634 895 qui
1670 841 1764 881 tro-

166 900 314 947 chisci
357 902 406 946 in
450 899 615 946 umbra
653 915 747 946 non
783 903 833 947 in
871 901 967 948 sole
1006 903 1263 964 siccentur3
1308 904 1420 949 viris
1461 903 1533 950 vel
1571 906 1765 950 seniori·
1788 914 1829 945 10

164 969 254 1016 bus
291 972 516 1031 integrOS,
552 972 713 1031 pueris
752 971 823 1017 vel
861 971 1123 1018 minoribus
1155 972 1371 1018 dimidios
1403 973 1665 1020 trochiscos
1695 976 1763 1020 in-

164 1040 294 1086 fusos
324 1041 373 1086 in
403 1054 522 1101 aqua
556 1040 702 1086 calida
733 1040 878 1103 dabis,
911 1041 958 1087 id
990 1047 1062 1088 est
1091 1056 1186 1088 non
1217 1041 1502 1090 febricitanti
1533 1058 1640 1090 cum
1669 1045 1766 1090 vini

164 1111 340 1156 austeri
384 1110 504 1156 meri
548 1109 713 1171 cyatho
758 1125 874 1172 uno,
922 1111 1107 1157 infirmo
1153 1118 1309 1158 autem
1354 1127 1410 1158 ex
1455 1127 1573 1173 aqua
1619 1113 1766 1160 calida

165 1178 371 1242 dabitur3
410 1179 492 1226 sed
532 1179 703 1240 quibus
742 1179 1024 1227 medendum
1063 1182 1165 1243 erit,
1207 1181 1324 1227 nihil
1359 1183 1533 1243 pingue
1571 1183 1763 1230 mandu-

164 1255 292 1312 cent,
338 1263 432 1295 non
477 1248 652 1307 oleum,
699 1264 793 1296 non
839 1264 1048 1314 carnem,
1095 1250 1176 1297 sed
1223 1251 1279 1297 de
1324 1251 1571 1299 lenticulae
1617 1253 1765 1300 farina
1788 1261 1828 1293 15

162 1319 342 1380 pultem
388 1333 494 1366 cum
540 1319 765 1381 oxymelle
812 1326 992 1367 coctam
1045 1320 1248 1367 admixto
1294 1321 1462 1368 anetho
1516 1327 1563 1368 et
1606 1321 1763 1383 puleio

162 1389 447 1436 manducent
486 1395 533 1435 et
568 1404 772 1453 poscam,
809 1396 1113 1452 posteaquam
1145 1405 1364 1438 excreare
1395 1391 1468 1438 vel
1499 1393 1630 1439 sitire
1661 1406 1763 1439 coe-

162 1461 333 1521 perint,
370 1459 576 1521 tepidam
613 1461 843 1520 accipiant
881 1466 928 1506 et
966 1461 1138 1507 sensim
1177 1460 1352 1507 bibant.

304 1529 396 1584 Qui
432 1529 659 1590 palmulas
694 1529 899 1591 dactylos
939 1544 995 1576 ex
1033 1536 1163 1577 aceto
1203 1531 1475 1592 frequenter
1513 1531 1762 1578 manduca-

164 1600 301 1662 verit,
353 1600 575 1645 iocineris
628 1599 788 1646 dolore
834 1599 1025 1646 carebit.
1098 1599 1164 1646 De
1208 1599 1308 1661 lupi
1351 1601 1542 1663 praeda,
1597 1601 1645 1648 id
1690 1607 1762 1648 est
1785 1612 1825 1642 20

162 1669 219 1716 de
264 1668 477 1730 reliquiis
522 1670 731 1716 vervecis
776 1676 856 1716 aut
903 1684 1068 1730 caprae
1107 1678 1187 1716 aut
1225 1670 1475 1717 cuiuslibet
1513 1672 1761 1718 animantis

163 1753 301 1800 quam
340 1739 599 1786 comederit
636 1754 826 1786 carnem
862 1739 935 1785 vel
971 1739 1142 1800 pellem
1172 1739 1244 1786 vel
1275 1754 1327 1786 os
1358 1740 1521 1801 collige
1553 1747 1600 1787 et
1630 1755 1763 1788 serva

161 1815 208 1855 et
246 1809 431 1870 quando
470 1808 638 1871 aliquis
668 1811 800 1856 iecur
831 1808 1048 1874 doluerit,
1078 1809 1186 1856 inde
1218 1824 1326 1856 eum
1356 1815 1507 1874 tange,
1538 1812 1761 1858 continuo

161 1878 414 1926 sanabitur.

302 1948 556 2009 Origanum
594 1950 643 1995 in
681 1963 800 2010 aqua
837 1949 1046 2010 decoque
1078 1948 1132 1995 ad
1165 1951 1328 1996 tertias
1359 1955 1406 1996 et
1434 1955 1598 2010 postea
1627 1952 1758 1997 mitte
1783 1958 1824 1991 25

161 2018 311 2065 mellis
351 2019 475 2080 quod
514 2019 717 2065 sufficiat
755 2024 894 2080 atque
932 2021 1104 2065 iterum
1144 2019 1352 2081 decoque
1392 2019 1662 2081 diligenter,
1708 2026 1761 2066 ut

161 2088 346 2151 bulliat,
391 2095 437 2135 et
480 2089 589 2135 inde
635 2089 692 2135 da
737 2090 917 2150 epatico
959 2091 1117 2139 ieiuno
1158 2089 1281 2150 quod
1319 2091 1430 2136 satis
1470 2091 1531 2136 sit
1568 2089 1761 2136 adsidue

162 2158 437 2221 bibendum,
483 2158 614 2205 valde
657 2158 919 2207 subvenies.
986 2158 1230 2205 Lacertam
1267 2159 1462 2205 viridem
1498 2159 1675 2219 prende
1715 2167 1762 2206 et

162 2228 218 2275 de
263 2234 400 2276 acuta
443 2235 575 2290 parte
625 2243 799 2275 cannae
836 2230 969 2276 iecur
1008 2230 1051 2275 ei
1087 2228 1197 2275 tolle
1236 2235 1282 2275 et
1317 2230 1366 2275 in
1402 2228 1648 2289 phoenicio
1688 2228 1760 2275 vel

159 2313 313 2359 panno
360 2298 636 2346 naturaliter
681 2300 816 2359 nigro
863 2297 997 2360 alliga
1041 2304 1180 2360 atque
1226 2297 1282 2344 ad
1331 2298 1541 2344 dextram
1577 2305 1758 2359 partem
1782 2308 1823 2338 30

161 2367 320 2414 lateris
365 2374 445 2415 aut
489 2367 670 2415 brachii
707 2368 936 2415 laboranti
975 2370 1155 2429 epatico
1194 2367 1449 2430 suspende,
1491 2367 1571 2414 sed
1610 2369 1759 2415 vivam

160 2437 381 2484 lacertam
420 2438 601 2485 dimitte
633 2444 680 2485 et
711 2436 854 2485 dicito
887 2440 949 2486 ei:
990 2438 1108 2484 Ecce
1141 2437 1324 2484 dimitto
1356 2443 1400 2484 te
1432 2439 1600 2499 vivam3
1639 2438 1759 2500 vide,

162 2514 214 2553 ut
251 2522 335 2569 ego
374 2523 703 2569 quemcunque
740 2509 849 2555 hinc
887 2510 1084 2569 tetigero
1123 2521 1234 2567 epar
1272 2521 1365 2553 non
1403 2506 1568 2554 doleat.

302 2578 370 2624 Ad
423 2578 643 2625 duritiam
690 2579 911 2624 iocineris
954 2576 1249 2624 molliendam
1295 2582 1341 2623 et
1387 2576 1640 2638 quamlibet
1683 2591 1757 2624 ve-

162 2653 311 2693 terem
351 2647 557 2694 dolorem
597 2647 854 2695 sedandum
891 2647 1010 2693 bene
1048 2647 1158 2692 facit
1196 2645 1376 2692 cunilae
1411 2647 1581 2709 aridae,
1619 2661 1756 2708 quam
1778 2655 1822 2688 35

163 2718 414 2763 satureiam
473 2718 661 2778 quidam
713 2723 906 2779 vocant,
958 2719 1006 2762 in
1059 2715 1299 2776 pulverem
1350 2716 1565 2763 redactae
1618 2717 1756 2762 dena-

162 2787 262 2832 rius
307 2801 429 2833 unus
475 2802 530 2833 ex
576 2787 715 2834 mulsi
759 2786 936 2848 cyathis
982 2785 1184 2847 duobus,
1239 2787 1278 2831 si
1322 2800 1416 2831 non
1460 2785 1756 2848 febricitabit,
