1898 3016
94 510 144 547 15

787 95 1161 144 —2224

180 222 331 267 omnia
371 221 446 267 die
485 228 533 268 et
569 227 707 269 nocte
744 223 1022 269 maceranda
1061 230 1183 270 sunt.
1251 223 1633 272 Terebinthinam
1665 240 1776 273 vero

179 296 226 336 et
271 305 426 338 ceram
472 297 518 338 et
563 292 745 354 adipem
790 292 1086 354 liquefactam
1132 295 1180 339 in
1224 308 1371 341 unum
1417 296 1589 342 ceteris
1634 296 1775 342 admi-

178 362 301 407 sceri
337 367 523 422 oportet
560 369 608 409 et
644 362 812 409 deinde
850 362 1066 409 manibus
1104 363 1366 410 diutissime
1412 365 1586 428 subigi,
1627 365 1776 413 donec

175 432 275 477 sine
313 431 569 478 offensione
607 432 832 493 malagma
869 434 1314 493 temperatissimum
1350 434 1441 482 fiat.

315 501 384 547 Ad
424 502 579 548 cordis
616 501 805 562 pulsum
843 505 938 548 sive
982 503 1320 550 salissationem
1359 506 1573 551 sucinum
1612 519 1774 552 verum
1797 521 1818 552 5

177 573 334 618 mittes
378 573 427 618 in
476 586 642 632 aquam
688 571 946 619 ferventem
994 579 1042 619 et
1092 573 1187 620 illic
1239 588 1342 620 esse
1391 576 1583 635 patieris
1635 580 1775 636 atque

176 641 284 687 inde
321 656 406 702 per
444 642 654 688 triduum
691 641 924 689 laboranti
961 642 1168 704 singulos
1207 643 1396 705 cyathos
1428 644 1698 707 tepefactOS,
1737 646 1776 691 si

174 712 370 757 nimium
403 713 494 758 erit
524 712 687 775 frigus,
718 711 850 759 dabis
879 712 1128 775 bibendos3
1159 713 1248 760 hoc
1273 714 1532 761 remedium
1560 721 1606 761 et
1628 714 1774 761 homi-

174 780 314 828 nibus
353 788 400 828 et
436 781 713 828 animalibus
749 782 955 843 prodest.

819 936 944 983 CAP.
983 935 1121 983 XXII.

214 1024 300 1066 Ad
348 1024 516 1077 epatis
563 1024 674 1067 sive
722 1025 912 1068 iecoris
959 1025 1089 1067 vitia
1137 1025 1316 1067 omnia
1363 1027 1417 1067 et
1462 1025 1735 1068 molestias

229 1093 508 1137 universas
538 1095 776 1137 remedia
805 1094 1139 1137 rationabilia
1170 1096 1224 1137 et
1252 1094 1474 1148 physica
1504 1094 1714 1137 diversa

721 1165 787 1206 de
826 1164 1223 1217 experimentis.

310 1271 459 1318 Rutae
506 1271 732 1318 silvestris
775 1271 1013 1332 manipulo
1057 1273 1106 1318 in
1154 1271 1290 1317 ollam
1342 1286 1507 1318 novam
1555 1273 1766 1318 coniecto
1791 1288 1831 1318 10

170 1341 459 1403 decoctoque
505 1356 558 1388 ex
604 1341 758 1388 tribus
801 1341 1003 1388 heminis
1048 1356 1193 1403 aquae
1232 1342 1287 1388 ad
1324 1341 1557 1388 heminam
1595 1341 1767 1388 adicies

169 1411 320 1458 mellis
356 1411 523 1458 libram
561 1426 821 1473 rursusque
860 1411 1041 1458 fervere
1079 1412 1235 1474 facies,
1273 1427 1329 1458 ex
1361 1426 1414 1458 eo
1443 1426 1529 1472 per
1559 1412 1768 1458 triduum

167 1483 326 1529 ieiuno
370 1484 504 1542 potui
549 1482 680 1528 dabis
716 1483 938 1528 iocineris
975 1481 1134 1528 dolore
1175 1483 1318 1528 nimio
1356 1481 1600 1528 laboranti.
1662 1481 1768 1528 Hir-

169 1553 304 1598 cinus
349 1553 538 1613 sanguis
577 1551 728 1598 adhuc
775 1551 930 1598 calens
968 1566 1110 1613 supra
1147 1566 1322 1613 prunas
1361 1557 1582 1598 excoctus
1620 1558 1667 1598 et
1704 1553 1766 1598 ci-

168 1621 297 1668 batui
345 1622 481 1668 datus
533 1623 691 1668 ieiuno
747 1623 1009 1668 iocineroso
1061 1622 1239 1668 mederi
1287 1622 1500 1667 traditur.
1574 1621 1764 1668 Viverra
1789 1637 1829 1668 15

166 1698 288 1738 tosta
324 1691 518 1752 porcelli
555 1691 769 1738 lactantis
806 1691 943 1738 modo
981 1693 1183 1738 inassata
1229 1697 1274 1738 et
1318 1691 1423 1738 cibo
1465 1691 1570 1738 data
1606 1692 1763 1738 ieiuno

164 1763 281 1808 mire
305 1763 582 1808 iocineroso
621 1763 868 1808 succurrit.

305 1831 498 1892 Epatice
536 1837 727 1893 experta
766 1833 855 1878 sic:
891 1831 1031 1891 Piper
1062 1830 1218 1877 album
1250 1837 1296 1877 et
1325 1832 1567 1879 masticem
1601 1832 1763 1892 aequis

165 1901 461 1962 portionibus
491 1902 662 1948 tundes
694 1907 740 1948 et
771 1900 990 1948 criblabis
1019 1915 1281 1962 rursusque
1311 1903 1360 1947 in
1388 1902 1612 1948 mortario
1635 1907 1762 1948 teres

165 1977 304 2032 atque
342 1974 406 2018 ita
443 1971 545 2018 oleo
576 1971 783 2033 Hispano
821 1973 996 2031 optimo
1027 1971 1325 2034 temperabis,
1363 1977 1415 2018 ut
1446 1973 1506 2018 sit
1536 1973 1760 2035 spissum3
1783 1987 1824 2016 20

163 2041 272 2087 inde
304 2044 531 2103 catapotia
562 2043 704 2088 facies
736 2041 1053 2102 magnitudine
1086 2043 1252 2087 ciceris
1290 2055 1436 2102 eaque
1466 2043 1514 2087 in
1547 2042 1642 2088 sole
1673 2044 1759 2088 sic-

165 2110 306 2174 cabis,
336 2118 389 2158 ut
420 2111 695 2172 durescant3
725 2118 837 2158 tunc
860 2113 906 2157 in
932 2112 1098 2173 pyxide
1122 2111 1349 2157 recondes
1373 2116 1419 2157 et
1442 2126 1498 2157 ex
1522 2111 1595 2157 his
1618 2126 1758 2158 unam

162 2180 353 2241 pilulam
391 2182 548 2228 ieiuno
588 2183 635 2228 in
671 2196 756 2227 ovo
789 2181 952 2227 sorbili
982 2181 1111 2228 dabis
1142 2181 1409 2242 adiciesque
1439 2195 1604 2242 parum
1636 2181 1758 2244 salis,

162 2251 243 2297 sed
280 2266 366 2312 per
402 2251 611 2298 triduum
649 2251 792 2298 dabis.
1455 2311 1457 2313 Ι

303 2321 498 2368 Tumori
540 2323 761 2368 iocineris
812 2321 1020 2382 adprime
1072 2321 1286 2367 medetur
1334 2319 1424 2366 hoc
1475 2319 1820 2367 remediumt25

161 2389 320 2437 Inulae
358 2391 530 2437 radicis
561 2416 630 2424 -
653 2391 728 2453 111,
767 2406 883 2452 quae
917 2391 1089 2437 Graece
1128 2391 1300 2436 dicitur
1334 2389 1583 2452 helenium,
1621 2390 1755 2436 deco-

162 2475 278 2521 ques
316 2461 372 2507 ad
411 2461 586 2508 medias
623 2463 672 2507 in
711 2475 856 2522 aquae
895 2462 1108 2507 sextariis
1154 2460 1303 2506 tribus
1346 2466 1484 2520 atque
1522 2459 1755 2506 heminam

302 2586 326 2622 3
359 2581 525 2635 subige.
645 2586 667 2623 7
698 2581 958 2635 tepefactus.
1073 2585 1097 2622 8
1127 2579 1276 2633 frigos.
1393 2579 1598 2623 hominis,

297 2637 386 2679 tit..-
419 2637 576 2691 eparis.

302 2697 352 2733 13
376 2693 504 2745 potui
519 2693 697 2746 scripsi:
720 2694 885 2747 potum.
944 2695 992 2733 15
1008 2691 1266 2743 iocinoroso‚
1283 2692 1381 2733 item
1401 2697 1464 2733 17.
1519 2696 1571 2734 22
1587 2690 1751 2746 pixide.

157 2751 211 2790 26
240 2748 424 2790 radices.
542 2748 712 2791 Graeci.
827 2753 880 2790 27
912 2761 1039 2801 aqua.
