1898 3016
217 242 480 306 Epistula
518 242 841 290 Vindiciani
879 243 1104 289 comitis
1142 241 1566 290 archiatrorum
1604 243 1667 290 ad

488 312 947 359 Valentinianum
986 313 1403 372 imperatorem.

288 424 404 471 Cum
448 437 606 486 saepe,
651 425 960 470 sacratissime
1004 425 1278 485 imperator,
1322 421 1513 471 humani
1554 426 1739 485 generis
1772 432 1793 470 1

149 494 371 556 fragilitas
415 493 529 540 falso
575 493 632 539 de
678 498 843 539 natura
889 507 971 539 sua
1011 499 1254 554 queratur,
1299 491 1547 554 aliquando
1586 499 1741 542 tamen

147 565 384 627 potuimus
421 562 617 609 redditis
655 563 809 609 causis
846 564 1139 623 ostensisque
1184 562 1403 609 remediis
1442 577 1555 609 vana
1594 570 1640 611 et
1674 566 1740 610 in-

147 648 340 681 numera
371 633 662 694 querimonia
693 632 946 678 refrenare.
996 631 1111 678 Nam
1143 633 1265 679 sicut
1296 631 1426 678 rudis
1457 632 1742 693 gubernator

104 719 123 751 5
146 703 385 751 turbatum
414 716 541 749 mare
579 701 779 763 sulcans,
809 703 1019 748 incertus
1050 701 1382 764 periculorum,
1414 702 1585 749 dubius
1621 702 1741 750 salu-

147 775 228 836 tis,
273 778 441 819 cuncta
485 773 702 831 rimatur,
745 773 810 818 ita
861 776 909 817 et
952 770 1219 817 mortalium
1257 778 1435 833 natura,
1479 787 1596 832 quae
1633 787 1738 834 per-

146 849 286 905 petua
324 843 518 888 sanitate
555 846 684 902 optat
721 840 836 903 frui,
881 839 1050 901 placita
1088 854 1300 901 quaeque
1338 840 1586 888 desiderat.
1648 841 1738 889 Sed

147 914 255 974 quia
299 926 385 959 nec
423 925 550 957 mare
596 924 781 971 semper
817 915 972 971 potest
1011 923 1113 956 esse
1151 909 1455 971 tranquillum
1493 925 1578 958 nec
1619 926 1741 958 unus

146 983 195 1028 in
246 981 368 1028 diem
421 981 547 1027 venti
598 981 792 1041 spiritus
837 979 975 1026 dumi
1025 993 1111 1026 nec
1165 992 1360 1026 securus
1406 986 1546 1026 nauta
1592 987 1739 1028 ratem

86 1068 126 1099 10
147 1057 302 1113 potest
346 1050 590 1112 scandere,
636 1064 741 1096 cum
788 1063 963 1110 aequor
1007 1049 1127 1095 mole
1165 1048 1393 1096 fluctuum
1432 1049 1633 1114 tollitur,
1674 1052 1741 1097 sic

148 1135 299 1182 neque
344 1119 563 1166 mortales
607 1124 805 1181 possunt
848 1133 1034 1180 semper
1079 1133 1182 1165 esse
1228 1118 1368 1165 validi
1405 1126 1484 1166 aut
1521 1121 1741 1183 viventes,

149 1190 229 1237 sed
274 1204 358 1252 pro
410 1191 572 1236 aetatis
610 1195 657 1235 et
700 1190 925 1249 temporis
972 1190 1191 1235 varietate
1233 1188 1431 1235 diversis
1467 1189 1740 1237 morborum

148 1266 350 1321 aguntur
393 1258 710 1305 incommodis.
779 1258 906 1312 Quae
951 1272 1057 1304 cum
1102 1260 1166 1304 ita
1210 1260 1324 1322 sint,
1376 1258 1736 1306 clementissime
1770 1265 1795 1303 2

147 1331 413 1391 imperator,
443 1342 607 1389 magna
637 1327 738 1374 laus
768 1334 839 1374 est
871 1334 1081 1374 veterum
1111 1328 1324 1374 instituta
1350 1330 1565 1391 scrutari,
1595 1331 1743 1375 maior

86 1414 125 1445 15
148 1413 257 1444 vero
310 1397 455 1459 gloria
505 1399 692 1443 inventa
743 1411 949 1454 servare,
1002 1397 1233 1458 siquidem
1285 1396 1353 1443 illi
1399 1398 1519 1443 viam
1569 1398 1742 1446 laboris

148 1469 246 1514 suis
283 1466 534 1514 virtutibus
570 1472 856 1528 aperuerunt
892 1465 1120 1527 nobisque
1157 1467 1248 1512 iter
1284 1466 1628 1527 intellegentiae
1659 1483 1742 1515 sua

148 1538 372 1598 sapientia
416 1536 722 1597 reliquerunt.
793 1535 924 1581 Unde
971 1550 1078 1582 cum
1127 1535 1313 1597 quidam
1360 1535 1570 1583 febribus
1614 1543 1741 1584 tene-

147 1614 278 1653 retur
323 1612 370 1652 et
413 1606 494 1652 diu
538 1607 713 1652 ventris
758 1605 930 1659 duritia
976 1605 1290 1666 strangulatus
1339 1605 1414 1652 die
1463 1605 1741 1654 duodecimo

146 1677 240 1723 iam
277 1677 418 1722 morti
454 1677 692 1736 proximus
730 1674 991 1737 videretur,
1030 1674 1249 1722 adhibitis
1288 1675 1344 1721 ad
1383 1690 1543 1722 curam
1581 1677 1741 1724 multis

83 1760 125 1792 πο
147 1751 195 1792 et
231 1747 409 1806 magnis
447 1745 661 1807 medicis,
705 1750 757 1791 ut
794 1744 1053 1791 remedium
1092 1750 1485 1807 consequeretur,
1524 1746 1611 1793 hoc
1649 1746 1743 1794 illis

147 1829 379 1863 summum
418 1814 701 1875 periclitanti
738 1814 1022 1874 praesidium
1054 1815 1204 1861 visum
1237 1820 1322 1877 est,
1361 1820 1413 1861 ut
1443 1829 1528 1875 per
1558 1817 1739 1863 intesti-

146 1898 259 1931 num
304 1883 520 1945 clysterio
566 1885 609 1929 ei
654 1885 832 1930 curatio
877 1891 1135 1944 pararetur.
1202 1884 1317 1930 Cum
1363 1884 1439 1930 ille
1479 1886 1741 1932 imminenti

146 1953 355 2015 periculo
380 1958 615 2000 aestuaret
638 1959 685 1999 et
715 1952 858 1999 veluti
881 1954 1021 1999 morti
1047 1955 1288 2014 proximus
1313 1956 1568 2001 curationis
1600 1957 1740 2002 etiam

146 2028 352 2070 extrema
397 2023 691 2084 deposceret,
738 2037 821 2083 ego
867 2022 1060 2082 pudoris
1112 2029 1159 2069 et
1208 2025 1498 2071 reverentiae
1550 2025 1741 2072 modum

85 2107 125 2140 25
148 2106 358 2155 servans,
396 2107 534 2153 quem
572 2093 755 2139 cunctis
794 2106 979 2152 semper
1020 2091 1229 2152 exhibui,
1271 2096 1492 2155 prospexi
1530 2095 1586 2140 ad
1624 2101 1739 2141 tem-

147 2176 256 2224 pus,
302 2176 359 2208 ne
404 2162 549 2208 veluti
591 2163 743 2222 turpis
789 2176 900 2208 cura
946 2161 1056 2207 forti
1093 2163 1191 2208 viro
1229 2163 1555 2223 adplicaretur.
1622 2164 1738 2211 Cum
1769 2170 1796 2207 3

149 2246 258 2292 ergo
296 2231 516 2278 vidissem
555 2232 675 2293 sysin
713 2232 835 2293 eius,
877 2245 1014 2291 quam
1052 2231 1108 2276 de
1147 2231 1302 2278 colore
1341 2232 1528 2296 collegi,
1567 2239 1613 2280 et
1651 2235 1738 2281 sic-

147 2302 285 2347 citate
341 2302 574 2347 viscerum
630 2301 811 2361 fatigari
865 2315 971 2346 eum
1016 2302 1204 2361 penitus
1256 2302 1579 2365 advertissem,
1632 2303 1739 2350 ilico

146 2371 300 2416 infuso
346 2370 439 2417 sale
485 2385 651 2432 aquam
696 2370 1043 2430 frigidissimam
1088 2370 1234 2417 obtuli
1279 2373 1380 2418 eius
1428 2372 1605 2436 ardori3
1659 2375 1740 2435 qui

260 2509 284 2545 3
313 2503 540 2546 innomera
571 2508 646 2546 Im
674 2504 903 2546 innumera.
934 2509 1025 2548 2m.
1153 2509 1177 2545 6
1207 2505 1481 2567 perpetuum.
1610 2512 1634 2549 9
1666 2507 1739 2549 die

146 2561 195 2600 in
221 2572 393 2603 rasura.
531 2564 582 2601 13
613 2573 710 2602 com
741 2564 817 2602 lm
851 2572 949 2602 cum
979 2564 1069 2603 2m.
1208 2566 1258 2602 16
1288 2561 1612 2614 mtelligentiae
1643 2568 1736 2606 2072.

149 2618 198 2655 17
230 2614 349 2670 cum]
373 2614 562 2668 quicum.
679 2620 729 2657 19
761 2615 981 2669 proximos
1012 2620 1035 2656 1
1045 2629 1087 2657 m
1115 2615 1336 2669 proximus
1361 2620 1452 2659 2m.
1580 2623 1633 2660 23
1665 2633 1737 2661 cu-

145 2669 358 2712 rationem
390 2672 440 2712 in
467 2684 638 2713 rasura.
774 2676 828 2712 24
858 2676 957 2714 ante
987 2674 1182 2713 extrema
1204 2673 1303 2714 add.
1327 2685 1463 2726 supra
1487 2674 1642 2717 lineam
1667 2675 1735 2717 ad.

147 2729 199 2767 27
230 2725 357 2779 fysen
388 2730 474 2770 lm.
591 2731 642 2769 27
674 2726 839 2781 colore]
871 2728 1012 2769 colere
1045 2731 1119 2769 Im
1149 2727 1294 2770 colera,
1322 2732 1414 2771 2m.
