1898 3016
157 200 390 262 pulmonis
427 199 585 246 labore
624 198 880 263 vexabitur,
918 199 1445 262 frenesim'sustinebit,
1486 206 1612 246 atrae
1642 198 1750 246 bilis

156 270 325 317 infesta
362 270 610 316 commotio
649 269 704 315 ad
742 283 892 330 usque
929 270 1088 315 vesani
1126 284 1233 316 eum
1275 269 1448 316 furoris
1489 268 1750 330 periculum

155 339 329 402 trahet,
374 338 623 386 iactabitur
667 338 877 386 febribus
922 335 1092 401 acutis',
1137 340 1272 399 inops
1311 340 1463 385 somni
1500 338 1751 400 agitabitur

155 410 432 470 perniciosis
463 408 644 469 vigiliis
703 408 752 455 Si
782 408 967 470 quando
998 415 1152 455 autem
1184 408 1375 455 morbus
1406 423 1431 455 a
1463 415 1623 455 ventre
1654 423 1751 455 mo-

113 478 290 541 elitur,
336 479 416 539 qui
461 485 508 525 et
550 480 651 539 ipse
688 478 965 525 multiformi
1000 484 1240 539 grassatur
1276 478 1589 540 incommodo,
1636 478 1751 525 haec

156 551 284 610 signa
324 549 602 608 praemittit:
660 553 909 609 torquetur
953 548 1081 595 alvus
1131 554 1177 595 et
1222 554 1462 610 correptos
1509 547 1639 594 cibos
1683 549 1751 594 in·

154 618 406 664 moderatis
436 616 664 664 fluoribus
695 617 861 679 fundit,
898 624 1037 678 potus
1068 620 1116 665 in
1148 617 1504 664 amaritudinem
1539 619 1751 681 vertitur,

153 687 472 734 membrorum
516 688 723 733 omnium
769 689 978 734 existunt
1015 687 1199 734 dolores
1237 702 1376 735 causa
1413 687 1585 734 latente
1623 701 1750 748 gras-

155 763 324 818 santes,
361 757 510 803 fervet
537 758 693 803 nimiis
716 756 970 803 ruboribus
995 772 1167 818 corpus
1191 763 1238 804 et
1260 759 1410 804 acutis
1434 763 1572 818 atque
1598 756 1750 804 occul-

90 839 131 869 10
154 829 215 874 tis
253 826 463 873 febribus
493 826 760 873 inardescit.
813 826 1072 873 Adversum
1099 827 1212 874 haec
1245 834 1407 874 venter
1440 834 1512 874 est
1541 826 1749 873 mollien-

154 897 241 944 dus
265 898 366 943 sine
390 896 554 957 grandi
577 910 690 942 cura
714 902 794 942 aut
809 898 938 957 gravi
953 897 1304 944 medicamento.
1336 896 1452 943 Nam
1469 898 1550 958 qui
1565 896 1749 958 lapatho

153 966 226 1013 vel
248 965 515 1012 mercuriali
539 965 682 1012 herba
706 980 820 1012 usus
841 966 997 1028 fuerit,
1021 967 1262 1013 commode
1280 966 1434 1013 alvum
1457 966 1750 1028 temperabit.

155 1035 204 1082 Si
234 1050 399 1096 parum
429 1035 643 1096 proficiet
672 1035 784 1082 hae*
818 1035 1013 1082 medella
1045 1042 1091 1082 et
1122 1051 1262 1098 supra
1295 1037 1418 1083 dicta
1448 1036 1618 1083 indicia
1645 1050 1749 1097 per-

153 1105 452 1167 severabunt,
491 1105 713 1152 decoctus
751 1107 930 1152 urticae
968 1121 1110 1153 sucus
1140 1108 1272 1168 potui
1303 1106 1502 1153 dabitur.
1562 1106 1750 1152 Utiliter

91 1185 130 1217 15
154 1177 448 1236 accipiuntur
486 1182 533 1221 et
570 1189 728 1236 cymae
767 1174 971 1222 caulium
1009 1176 1153 1222 multa
1192 1191 1310 1237 aqua
1341 1176 1642 1222 vehementer
1673 1190 1749 1222 ex-

154 1252 334 1307 coctae,
367 1247 504 1291 etiam
535 1243 768 1291 brassicae
799 1259 936 1291 umor
966 1244 1101 1291 melle
1136 1246 1338 1292 admixto
1371 1251 1417 1292 et
1439 1260 1629 1306 asperso
1654 1244 1748 1291 sale

153 1320 442 1375 temperatus
465 1313 564 1360 bibi
586 1313 725 1360 debet
755 1314 810 1361 ad
834 1314 1129 1361 heminarum
1154 1321 1375 1376 quattuor
1399 1315 1601 1362 modum.
1659 1314 1749 1369 Qui

152 1384 266 1430 haec
293 1383 515 1430 adhibere
539 1386 805 1447 cessaverit,
836 1384 910 1430 his
941 1384 1119 1446 patebit
1141 1386 1341 1448 iniuriis,
1373 1391 1425 1432 ut
1453 1391 1532 1431 aut
1555 1384 1746 1431 ciliacus

152 1454 231 1500 fiat
267 1461 347 1500 aut
383 1453 613 1500 meatibus
652 1455 804 1514 ruptis
834 1454 1122 1500 inmoderato
1154 1457 1331 1500 ventris
1361 1454 1510 1501 fluore
1540 1461 1747 1501 vexetur.

89 1533 130 1564 20
151 1522 270 1570 Hinc
315 1523 568 1584 dysinteria
609 1525 760 1570 oritur
805 1532 852 1570 et
895 1523 1058 1570 iliacus
1096 1523 1288 1570 morbus
1326 1530 1372 1570 et
1410 1524 1466 1571 ad
1505 1525 1749 1586 superiora

152 1594 289 1640 fimus
327 1592 595 1639 redundans
639 1594 840 1639 vomitus
879 1599 925 1639 et
970 1595 1387 1655 empneumatosim
1417 1594 1568 1640 faciet.
1627 1593 1747 1640 Hinc

152 1664 276 1709 sciae
320 1664 474 1723 passio
514 1665 604 1709 erit
657 1663 882 1724 dolorque
928 1678 1168 1726 coxarum,
1214 1663 1452 1724 apoplexis
1497 1666 1636 1710 etiam
1673 1663 1747 1710 his

152 1732 412 1793 originibus
444 1733 631 1795 existet3
662 1732 772 1779 hinc
811 1739 857 1779 et
887 1734 1127 1793 sanguinis
1156 1748 1241 1794 per
1271 1735 1521 1780 interiores
1552 1739 1748 1797 meatUS,

152 1802 199 1847 id
224 1808 295 1848 est
317 1816 402 1862 per
426 1801 820 1864 haemorrhoidas,
850 1802 972 1849 fluor
995 1803 1171 1850 multus
1195 1811 1390 1850 emanat.
1428 1803 1746 1850 Articulorum

89 1882 128 1914 25
154 1886 339 1932 quoque
378 1870 584 1933 morbus,
624 1886 761 1932 quem
794 1871 958 1919 Graeci
988 1873 1221 1919 arthritim
1256 1879 1435 1934 vocant,
1473 1875 1613 1920 istinc
1645 1887 1745 1920 cre-

151 1947 269 1988 atur.
338 1940 454 1987 Cum
492 1955 600 1987 vero
639 1955 694 1986 ex
731 1943 883 1988 vesica
922 1943 1119 1989 inminet
1157 1944 1286 2004 origo
1319 1944 1539 1990 vitiorum
1570 1949 1616 1989 et
1645 1945 1745 2004 ipsa

150 2025 244 2058 non
274 2012 428 2057 minus
459 2012 612 2057 causis
643 2010 858 2071 pluribus
888 2026 1078 2074 nocens,
1108 2012 1182 2058 his
1220 2012 1639 2074 significationibus
1676 2015 1744 2059 in-

150 2080 400 2141 tellegitur.
453 2080 632 2126 Inssatio
663 2082 843 2127 vesicae
875 2081 1020 2144 adest,
1051 2081 1169 2128 solet
1203 2083 1328 2128 enim
1358 2084 1407 2128 in
1438 2098 1539 2129 eam
1568 2082 1744 2129 multus

151 2164 207 2196 ex
245 2150 334 2196 alvi
370 2157 525 2196 meatu
563 2157 728 2196 ventus
766 2151 952 2213 inmitti,
995 2151 1103 2197 inde
1141 2151 1332 2198 adsidua
1370 2154 1590 2215 ructatio,
1636 2153 1744 2199 inde

87 2231 128 2261 30
150 2221 493 2266 incontinentes
525 2221 733 2281 crepitus
765 2227 1035 2283 egeruntur,
1072 2221 1180 2267 inde
1211 2223 1362 2282 gravis
1395 2236 1601 2284 somnus,
1636 2222 1743 2268 inde

149 2291 284 2335 urina
317 2289 503 2335 sordida
533 2295 580 2336 et
605 2290 696 2336 diri
719 2290 876 2336 odoris
901 2292 1109 2351 egeritur
1133 2297 1179 2337 et
1203 2293 1325 2337 circa
1349 2291 1564 2352 genitalia
1587 2297 1744 2338 tumor

152 2360 315 2419 surgit.
375 2358 457 2405 His
495 2373 605 2420 ergo
643 2360 976 2406 animadversis
1014 2359 1094 2406 tali
1125 2362 1214 2407 erit
1246 2360 1615 2408 subveniendum
1646 2375 1744 2407 1116-

264 2498 285 2534 1
319 2493 460 2547 atrae]
492 2493 677 2535 adtrahi.
823 2500 846 2536 3
880 2494 1020 2536 acutis
1051 2507 1128 2536 om.
1263 2499 1313 2536 13
1343 2495 1533 2537 medella
1555 2499 1631 2537 Im
1653 2509 1742 2538 me-

152 2548 253 2590 dela
281 2552 361 2591 2111
392 2549 440 2590 in
469 2562 556 2591 ras.
718 2554 767 2591 17
797 2550 891 2592 bibi
922 2554 997 2591 11η
1034 2549 1186 2592 bibere
1217 2554 1309 2593 2‘m.
1445 2552 1560 2593 hunc
1589 2554 1743 2605 (supra

150 2604 325 2656 lineam)
357 2604 547 2648 modum.
631 2610 680 2646 18
712 2605 903 2647 ciliacus.
986 2610 1039 2648 20
1071 2607 1235 2647 orietur
1257 2606 1511 2659 Stephanus.
1593 2612 1644 2648 21
1671 2620 1743 2649 en-

149 2658 456 2713 pneumatisin.
600 2660 736 2703 faciet
765 2665 790 2702 1
801 2676 841 2702 m
871 2661 991 2703 ficiet
1020 2666 1112 2704 2m.
1255 2667 1306 2704 22
1339 2663 1426 2704 scie
1459 2667 1533 2705 lm
1564 2662 1743 2705 scietica

149 2717 243 2757 2m.
310 2720 364 2757 24
382 2715 723 2759 aemorrhoidas.
792 2722 843 2759 25
862 2717 1092 2760 arcti-isim.
1165 2722 1219 2760 28
1236 2718 1362 2760 adest
1378 2731 1454 2761 om.
1530 2718 1646 2760 enim
1663 2732 1741 2762 om.
