1930 3008
747 108 1126 158 —331—

271 237 340 284 Ad
378 237 595 299 rhagadia
633 238 680 283 in
718 251 806 283 ano
844 237 1102 284 nascentia:
1142 236 1342 297 Spumae
1382 239 1562 298 argenti
1601 263 1660 270 —-
1693 237 1727 300 1,
1762 246 1812 283 12

131 307 222 356 olei
259 308 384 354 rosei
426 333 484 340 --
519 306 539 353 1
582 306 887 368 permiscebis
934 314 980 353 et
1025 306 1215 353 adsidue
1262 306 1484 368 adpones.
1547 306 1727 354 Planta·
1763 316 1813 353 13

130 379 252 439 ginis
291 377 398 424 folia
436 383 482 424 et
517 377 699 424 radices
734 382 780 423 et
810 375 1002 423 herbam
1033 375 1357 423 centenodiam
1389 383 1435 423 et
1464 376 1574 423 rubi
1604 391 1728 424 sum-

130 449 339 495 mitatem
371 453 419 494 et
447 446 641 508 mespila
673 452 720 493 et
750 447 955 508 cydonea
986 452 1033 493 et
1062 461 1208 493 nuces
1239 445 1390 492 Gallas
1422 454 1469 493 et
1499 446 1556 493 de
1587 446 1727 494 salice

87 530 108 561 s
132 517 335 580 frondes,
374 532 490 579 quae
529 518 808 564 tenerrimae
841 517 1030 580 fuerint,
1069 531 1176 563 cum
1210 522 1471 563 atramento
1503 518 1727 563 sutoricio

130 602 187 634 ex
224 602 343 649 aqua
380 601 554 648 coques
593 586 730 633 simul
767 588 984 633 universa
1022 586 1201 633 adiecta
1236 594 1399 647 quarta
1437 594 1568 647 parte
1608 588 1729 634 aceti

131 663 178 704 et
221 657 395 704 colabis
441 657 689 718 diligenter
733 662 871 718 atque
909 656 1016 703 inde
1055 656 1233 703 fovebis
1271 671 1348 703 eas
1384 663 1564 719 partes,
1603 656 1726 703 unde

128 726 509 774 haemorrhoides
549 726 715 773 fluunt.

268 795 390 843 Rubi
435 798 748 842 summitatem
789 795 979 857 colliges
1017 802 1064 842 et
1100 795 1219 842 mala
1257 795 1508 859 silvestria3
1553 795 1726 842 rubum
1759 804 1811 841 14

56 878 104 910 -ιο
127 871 281 913 autem
326 868 374 913 in
421 867 644 912 mortario
689 872 814 912 teres
860 871 907 912 et
951 865 1237 912 silvestrium
1275 880 1521 927 pomorum
1560 880 1726 912 sucum

127 937 360 997 exprimes
405 942 451 982 et
495 937 671 998 pariter
714 935 934 982 miscebis
980 950 1033 982 ac
1086 935 1342 982 fomentum
1394 935 1504 982 inde
1549 935 1726 982 factum

126 1006 326 1053 calidum
342 1005 780 1052 haemorrhoidibus
801 1005 1018 1066 adpones.
1050 1005 1266 1052 Chartam
1284 1004 1533 1066 diligenter
1553 1019 1723 1052 exures
1756 1013 1807 1050 15

126 1082 174 1122 et
204 1077 410 1122 cinerem
441 1078 541 1123 eius
573 1077 669 1122 sive
701 1075 940 1136 fuliginem
972 1077 1143 1122 siccam
1175 1075 1231 1121 ad
1262 1075 1485 1122 fluentem
1513 1075 1724 1122 haemor-

126 1145 304 1192 rhoidis
342 1160 505 1192 venam
542 1152 636 1192 tam
673 1146 753 1192 diu
792 1145 1011 1208 adpones,
1050 1145 1197 1191 donec
1234 1146 1504 1205 stringatur.

62 1227 103 1258 15
267 1215 335 1262 Ad
375 1216 501 1278 ficos,
544 1217 625 1276 qui
660 1217 710 1261 in
747 1215 861 1261 locis
902 1214 1317 1261 verecundioribus
1355 1220 1626 1277 nascuntur,
1665 1215 1722 1261 de
1755 1223 1807 1260 16

126 1284 276 1332 orbita
315 1292 443 1332 rotae
482 1285 646 1346 collige
684 1285 838 1332 calvos
875 1285 1052 1346 lapides
1089 1299 1182 1331 non
1220 1284 1535 1345 praegrandes
1568 1299 1722 1346 neque

125 1369 292 1416 parvos
331 1362 378 1402 et
414 1370 535 1416 pone
574 1357 622 1401 in
659 1355 782 1417 foco,
829 1361 881 1400 ut
918 1354 1036 1400 bene
1075 1354 1377 1417 candescant,
1420 1360 1467 1400 et
1503 1353 1615 1401 lotio
1653 1356 1721 1400 in-

126 1425 265 1471 fantis
311 1440 392 1471 eos
436 1427 676 1488 extingue3
723 1430 884 1486 postea
937 1425 994 1471 de
1038 1425 1140 1485 ipso
1186 1423 1298 1470 lotio
1335 1424 1491 1470 locum
1529 1424 1722 1471 adsidue

125 1495 237 1556 lava,
274 1496 337 1541 ita
375 1501 427 1542 ut
464 1496 736 1556 frequenter
765 1499 919 1540 mutes
955 1500 1001 1540 et
1030 1493 1207 1555 lapides
1237 1501 1283 1540 et
1314 1493 1478 1540 lotium
1508 1494 1721 1557 infantis;

58 1576 102 1607 20
126 1570 307 1611 tantum
343 1565 568 1627 proderit,
605 1570 659 1611 ut
697 1566 903 1611 sectione
942 1569 989 1610 et
1026 1564 1151 1610 ferro
1191 1578 1309 1624 opus
1346 1578 1440 1610 non
1478 1565 1552 1610 sit.

263 1633 472 1681 Extalem
508 1635 853 1695 prominentem
883 1635 989 1680 vino
1020 1634 1163 1680 lavari
1192 1635 1338 1696 prius,
1377 1634 1545 1680 deinde
1577 1634 1719 1680 cedro
1754 1642 1804 1680 17

122 1706 236 1766 ungi
273 1711 319 1751 et
355 1704 522 1766 pollice
560 1703 758 1766 propelli
794 1705 1052 1750 introrsum
1090 1709 1288 1764 oportet.

262 1774 351 1820 Ani
388 1776 512 1821 vitiis
550 1773 766 1820 omnibus
803 1773 1080 1835 plantaginis
1111 1773 1242 1820 radix
1274 1774 1576 1820 decrescente
1608 1773 1719 1819 luna
1754 1782 1803 1819 18

123 1844 198 1890 die
245 1843 435 1890 Saturni
479 1843 722 1890 occidente
767 1843 863 1890 sole
909 1843 1102 1890 collecta
1146 1843 1218 1889 vel
1267 1849 1452 1904 sumpta
1497 1851 1544 1889 et
1586 1842 1718 1904 pelli-

59 1923 101 1954 25
125 1913 227 1959 cula
265 1913 338 1959 vel
380 1927 533 1974 panno
570 1913 816 1974 phoenicio
854 1912 1070 1959 obvoluta
1109 1927 1161 1959 ac
1198 1913 1304 1960 licio
1342 1912 1480 1974 ligata
1518 1919 1565 1959 et
1601 1913 1719 1959 lum-

122 1982 196 2029 bis
246 1983 532 2029 circumdata
583 1985 805 2030 continuo
850 1984 1095 2029 sanitatem
1140 1982 1409 2043 praestabit.
1484 1982 1718 2029 Sertulam
1751 1991 1802 2029 19

122 2052 400 2113 Campanam
445 2067 502 2099 ex
547 2054 651 2099 vino
696 2058 775 2100 aut
818 2067 954 2114 passo
1000 2059 1180 2099 coctam
1225 2054 1364 2099 terito
1411 2059 1458 2099 et
1498 2052 1718 2113 adponito

120 2122 176 2168 ad
222 2137 361 2169 anum
407 2137 556 2184 eoque
602 2125 729 2186 vino,
774 2124 822 2168 in
869 2137 960 2184 quo
1000 2122 1223 2169 sertulam
1260 2124 1463 2185 coxeris,
1502 2128 1548 2169 et
1585 2124 1717 2183 prius

121 2198 167 2238 et
205 2198 365 2254 postea
402 2207 540 2239 anum
579 2193 746 2255 foveto,
783 2192 1000 2239 celeriter
1038 2191 1236 2239 sanabis.
1296 2192 1413 2239 Caro
1449 2194 1524 2238 ani
1555 2206 1716 2253 super·
1747 2200 1803 2238 20

56 2272 99 2303 80
123 2277 265 2309 vacua
304 2264 404 2309 sine
443 2262 602 2309 dolore
641 2268 959 2326 consumetur,
998 2264 1038 2308 si
1075 2276 1352 2309 araneorum
1390 2262 1463 2308 fila
1502 2262 1723 2324 adpones,

124 2347 240 2392 quae
278 2334 327 2379 in
364 2334 512 2379 vineis
548 2334 864 2379 inveniuntur.
907 2392 910 2394 v

174 2406 189 2426 ·
262 2402 448 2464 Cedria,
487 2417 577 2463 qua
614 2402 792 2449 librarii
830 2407 1050 2465 utuntur,
1088 2403 1127 2448 si
1165 2416 1302 2448 anum
1340 2402 1535 2448 ficosum
1575 2407 1621 2448 et
1657 2401 1715 2448 ad
1746 2410 1797 2448 21

124 2472 378 2518 sectionem
417 2478 704 2534 spectantem
742 2473 1015 2533 frequenter
1051 2473 1156 2518 vino
1195 2471 1342 2518 calido
1374 2473 1506 2531 prius
1538 2471 1717 2518 elutum

123 2539 314 2600 specillo
352 2544 628 2601 perunxeris
666 2549 804 2604 atque
842 2544 905 2588 ita
937 2543 1184 2605 quieveris,
1222 2541 1497 2588 mirabiliter
1528 2555 1718 2588 carnem

264 2651 288 2687 2
332 2647 617 2700 permiscebis
661 2648 924 2702 Stephanus:
974 2648 1227 2701 permisces,
1424 2653 1448 2690 5
1494 2647 1716 2691 saturiciO.

126 2706 175 2742 12
207 2701 554 2746 haemorhoides.
672 2708 722 2746 15
754 2703 1150 2747 verecondioribus.
1240 2708 1291 2746 19
1322 2705 1434 2747 leva.
1523 2703 1715 2758 lapides]

120 2757 188 2799 ita
216 2758 352 2812 pides.
470 2763 523 2801 30
553 2760 761 2814 adponas.
