1930 3008
171 274 224 310 26

172 762 226 800 27

174 1251 228 1289 28

176 1811 229 1849 29

177 2091 230 2128 30

178 2509 230 2546 31

858 132 1244 183 —320—

255 266 378 306 trem
423 261 634 306 moverit.
699 259 759 307 Et
794 260 884 307 hoc
922 261 1316 307 medicamentum
1353 261 1564 308 eiusdem
1601 263 1672 308 rei
1707 264 1856 324 gratia

257 328 477 376 umbilico
517 331 772 392 superponi
809 336 996 391 oportet
1033 336 1114 376 aut
1151 330 1306 393 lateri,
1346 331 1471 392 quod
1507 333 1677 392 recipit
1717 332 1855 380 haec:

257 398 539 446 Cucurbitae
571 399 807 446 silvaticae
837 401 1076 463 interiora,
1115 414 1233 461 quae
1269 402 1404 461 quasi
1433 400 1568 448 flocci
1598 407 1721 465 sunt,
1759 401 1855 449 alu-

255 470 395 515 minis
419 468 598 532 liquidi,
629 469 885 532 characiae,
915 469 1175 532 tithymalli,
1205 469 1449 532 lathyridis
1474 470 1661 534 herbae,
1690 471 1855 519 laseris

258 538 500 600 Cyrenaici
543 541 673 600 paria
719 539 926 601 pondera
969 541 1079 586 trita
1125 539 1230 586 felle
1267 542 1453 587 taurino
1492 540 1686 588 collecta
1721 541 1899 590 lateri5

256 608 330 654 vel
366 608 588 656 umbilico
627 624 734 656 cum
772 611 1038 656 cucumeris
1077 609 1274 656 silvatici
1317 612 1490 658 maturi
1535 625 1648 657 suco
1693 611 1857 658 eodem

256 678 395 725 modo
435 693 527 740 quo
567 694 709 740 supra
747 681 976 740 scriptum
1014 680 1276 726 remedium
1307 687 1707 742 superponuntur.

398 747 539 795 Hiera
578 749 634 796 ad
672 749 934 796 resolutum
972 749 1264 797 stomachum
1309 756 1357 797 et
1400 752 1675 797 reicientem
1714 750 1858 812 quod-

258 833 459 880 cumque
498 821 754 880 sumpserit
798 820 1046 867 conficitur
1085 821 1173 867 sic:
1220 819 1357 867 Aloes
1394 822 1555 882 nigrae
1593 820 1633 867 X
1664 819 1721 884 V,
1765 834 1858 867 ma-

260 890 389 934 sticis
439 888 479 934 X
523 889 627 952 IIlI,
677 891 900 953 cinnami,
949 889 1143 936 schoeni
1185 889 1335 952 floris,
1379 890 1677 953 malobathri,
1723 889 1858 937 nardi
1882 907 1923 937 ιο

260 958 498 1021 Syriacae,
543 961 692 1022 croci,
737 961 879 1021 asari,
923 959 1244 1022 xylobalsami,
1290 960 1583 1021 singulorum
1628 960 1667 1007 X
1705 974 1858 1006 senos.

258 1028 383 1075 Haec
427 1030 538 1075 trita
585 1029 659 1075 vel
709 1036 905 1077 contusa
955 1030 1091 1076 melle
1144 1037 1522 1091 consparguntur
1573 1036 1620 1077 et
1669 1031 1733 1076 ita
1786 1044 1859 1076 re-

258 1105 500 1158 ponuntur
553 1104 600 1145 et
652 1113 759 1146 cum
805 1114 923 1160 opus
968 1105 1041 1146 est
1084 1099 1140 1145 ad
1187 1099 1375 1146 modum
1421 1099 1552 1146 fabae
1599 1114 1707 1146 cum
1750 1114 1858 1161 oxy-

260 1168 369 1214 meli
405 1168 588 1214 dantur.

399 1237 642 1301 Purgatio,
689 1252 780 1299 qua
818 1237 1014 1285 Cosmus
1058 1238 1268 1285 medicus
1313 1239 1587 1300 frequenter
1623 1253 1739 1286 usus
1777 1243 1861 1302 est,
1884 1254 1925 1287 15

260 1322 377 1368 quae
409 1307 539 1354 biera
569 1310 723 1355 minor
747 1308 934 1370 dicitur,
965 1309 1076 1355 facit
1099 1308 1156 1355 ad
1181 1311 1348 1372 omnia,
1379 1324 1496 1370 quae
1522 1324 1663 1370 supra
1687 1311 1862 1371 scripta

261 1383 384 1440 sunt,
423 1378 672 1425 conficitur
711 1380 799 1425 sic:
840 1378 1112 1425 Scamoniae
1151 1379 1332 1425 denarii
1368 1381 1603 1426 victoriati
1639 1379 1861 1440 ponderis

258 1453 440 1509 partem
484 1462 645 1511 unam,
690 1451 863 1495 veratri
906 1450 1030 1510 nigri
1067 1447 1106 1494 X
1144 1449 1184 1511 1,
1229 1450 1418 1509 panacis
1457 1449 1497 1496 X
1528 1449 1580 1511 S,
1625 1464 1682 1495 ex
1725 1448 1861 1496 melle

260 1524 639 1579 consparguntur
676 1518 791 1565 haec
832 1520 960 1581 trita;
999 1519 1135 1565 datur
1166 1533 1222 1565 ex
1256 1519 1329 1565 his
1361 1525 1587 1580 quantum
1617 1533 1713 1565 nux
1743 1518 1861 1565 avel-

259 1587 362 1634 lana
400 1594 472 1634 est
509 1603 565 1634 ex
596 1603 742 1650 aquae
773 1588 949 1635 mulsae
981 1588 1158 1650 cyathis
1191 1595 1426 1651 quattuor3
1464 1588 1639 1649 globuli
1673 1603 1859 1650 quoque
1883 1605 1924 1635 20

261 1672 403 1719 supra
448 1657 572 1704 dicta
614 1658 935 1719 magnitudine
983 1659 1097 1705 sicci
1146 1658 1203 1704 de
1248 1658 1336 1705 hoc
1379 1659 1720 1705 medicamento
1769 1659 1862 1706 duo

259 1734 414 1774 tresve
453 1728 623 1775 dantur
658 1730 816 1775 ieiuno
855 1728 925 1775 vel
962 1734 1070 1789 post
1106 1742 1268 1775 cenam
1306 1729 1511 1775 vorandi.

401 1797 641 1845 Turundis
673 1798 729 1845 ad
761 1798 1034 1845 solvendum
1065 1804 1277 1845 ventrem
1307 1800 1377 1845 uti
1400 1803 1587 1859 oportet
1609 1798 1859 1845 eiusmodi:

259 1867 361 1914 Fici
404 1868 575 1931 aridae,
611 1868 753 1931 pulei,
797 1868 1015 1932 absinthi,
1053 1868 1192 1931 aloes,
1229 1869 1356 1930 nitri,
1394 1868 1514 1914 fellis
1551 1869 1728 1915 taurini
1763 1882 1862 1914 are-

263 1938 375 1984 facti
411 1953 468 1984 ex
505 1939 731 1986 interiore
767 1944 915 2002 parte,
956 1939 1123 1985 horum
1162 1940 1290 2000 paria
1325 1938 1532 1999 pondera
1568 1937 1704 1984 melle
1741 1937 1861 1984 bene
1885 1951 1926 1983 25

263 2014 484 2068 percocto
530 2007 686 2069 colligi
730 2015 916 2070 oportet
953 2014 1000 2055 et
1036 2009 1150 2068 fingi
1186 2009 1438 2070 turundos,
1483 2010 1566 2070 qui
1601 2022 1685 2069 per
1723 2022 1863 2054 anum

261 2078 571 2124 inmittantur.
617 2078 734 2125 Item
764 2079 960 2126 turundi
983 2078 1039 2125 ad
1063 2084 1273 2125 ventrem
1297 2077 1543 2124 laxandum
1568 2080 1654 2124 sic:
1687 2077 1863 2124 Cucur-

261 2146 386 2194 bitae
423 2148 659 2195 silvaticae
697 2148 952 2196 floccorum
990 2150 1271 2195 interiorum
1302 2147 1342 2193 X
1373 2147 1421 2211 V,
1460 2149 1574 2194 nitri
1610 2148 1734 2208 nigri
1767 2148 1863 2193 usti

261 2216 302 2262 X
339 2216 389 2280 V,
427 2218 505 2264 fici
540 2219 728 2279 pinguis
774 2218 943 2280 pulpae
980 2218 1021 2264 X
1057 2218 1162 2280 1111,
1209 2217 1386 2264 mulsae
1430 2217 1480 2264 P.
1523 2216 1555 2263 I.
1622 2216 1862 2264 Cocuntur

261 2287 377 2334 haec
422 2289 576 2335 omnia
623 2303 679 2335 ex
722 2288 874 2335 mulso
921 2288 1169 2349 diligenter
1214 2294 1260 2335 et
1299 2293 1462 2349 postea
1499 2288 1618 2336 fiunt
1653 2286 1861 2347 turundi,
1885 2299 1925 2329 30

263 2356 434 2418 quibus
473 2364 519 2404 et
556 2358 760 2405 absinthi
797 2359 970 2420 aliquid
1009 2358 1306 2421 admiscetur,
1344 2363 1483 2419 atque
1522 2358 1599 2419 ita,
1636 2361 1689 2402 ut
1718 2369 1862 2416 supra

264 2427 440 2474 dictum
479 2434 564 2491 est,
602 2443 689 2475 ano
727 2430 1000 2476 iniciuntur.

403 2497 587 2544 Herbae
624 2498 924 2560 peduclariae
970 2498 1009 2544 X
1048 2498 1156 2560 1111,
1202 2498 1376 2544 farinae
1423 2510 1479 2541 ex
1526 2494 1632 2542 lolio
1677 2495 1717 2541 X
1762 2494 1861 2558 IIII,

266 2581 372 2613 cum
403 2567 508 2615 felle
540 2570 725 2615 taurino
755 2568 931 2630 liquido
964 2575 1011 2615 et
1041 2567 1175 2615 melle
1205 2571 1424 2628 percocto
1450 2566 1710 2612 miscentur
1732 2566 1861 2626 paria

406 2678 427 2714 1
459 2674 664 2728 gratiam.
752 2679 780 2716 4
804 2675 1051 2729 characiae]
1078 2673 1257 2716 coscini.
1345 2671 1586 2714 lactoridis.
1668 2676 1692 2713 9
1716 2671 1858 2726 aloes]

262 2728 440 2771 thallos.
515 2735 567 2773 10
598 2731 761 2773 scoeni.
834 2734 885 2771 15
917 2731 1096 2772 Cosmos
1119 2734 1144 2771 1
1155 2743 1197 2771 m
1231 2729 1410 2771 Cosmas
1432 2731 1524 2772 2272.
1594 2732 1644 2770 17
1673 2726 1859 2781 pondus,

266 2789 316 2826 19
349 2784 521 2829 dantur.
638 2791 692 2829 26
722 2788 989 2841 percoctum.
