1930 3008
155 475 207 513 69

845 96 1297 178 -354—‘

237 271 356 318 pana
393 271 450 302 ex
487 271 624 317 passo
656 256 839 304 Cretico
878 256 1070 303 decocta
1108 270 1308 317 cumque
1348 259 1421 304 ovi
1451 258 1568 304 duro
1598 259 1753 306 vitello
1784 267 1859 308 et'

239 341 346 373 cum
383 341 498 372 uvae
535 341 698 388 passae
736 326 915 373 nucleis
953 328 1078 373 tritis
1116 327 1258 372 mixta
1295 326 1524 390 medetur,
1561 330 1625 374 ita
1655 335 1708 376 ut
1737 322 1829 376 ma-

236 395 448 457 lagmatis
485 396 621 443 modo
658 398 859 457 inposita
897 395 1224 456 superligetur.

379 464 589 527 Acopum
626 465 756 512 valde
801 465 914 512 utile
960 473 1007 512 et
1047 472 1228 512 certum
1265 466 1487 512 remediis
1524 467 1829 515 articulorum

237 541 377 596 atque
411 550 664 582 nervorum
696 537 784 582 sic:
821 534 1047 582 Medullae
1078 536 1307 598 cervinae,
1344 536 1493 596 adipis
1522 539 1709 599 veteris,
1746 537 1829 585 bu·
1850 551 1872 584 5

192 650 201 654 ,
236 607 341 667 tyri,
379 606 477 651 sevi
506 607 695 661 cervini,
726 606 908 651 resinae
940 605 1118 666 frictae,
1148 606 1265 665 picis
1297 605 1494 669 cedriae,
1529 608 1647 667 picis
1670 607 1829 667 lagun-

151 893 203 931 70

150 1172 202 1210 71

147 1451 200 1488 '72

147 1591 199 1629 73

147 1730 201 1766 74

146 1799 198 1837 ¹75

145 2079 196 2117 76

235 674 428 736 cularis,
481 689 638 737 cerae,
684 674 973 736 singulorum
1016 675 1178 721 uncias
1223 682 1380 722 ternas
1431 676 1481 722 in
1531 690 1668 722 aereo
1720 691 1828 724 vaso

237 746 451 791 remittes
489 744 614 790 lento
652 746 750 805 igni
787 745 960 805 diuque
998 743 1207 805 agitabis,
1245 751 1297 791 ut
1335 751 1513 791 coeant.
1573 745 1691 792 Tum
1724 761 1828 807 per·

234 813 384 860 colato
422 814 743 877 medicamine,
782 820 832 861 ut
869 829 946 860 res
982 816 1147 875 poscit,
1184 816 1346 861 uteris.

378 883 579 945 Spumae
618 886 799 945 argenti
833 910 891 916 —
926 883 967 929 Il
1005 884 1176 930 tundes
1214 890 1260 930 et
1296 884 1454 945 butyri
1490 892 1538 930 et
1574 885 1722 946 adipis
1754 900 1826 932 ve·
1850 900 1892 931 ιο

235 955 349 1000 teris
395 960 442 999 et
486 968 620 1000 rosae
665 953 922 1015 Campanae
969 955 1129 1001 uncias
1174 960 1330 1001 ternas
1375 956 1587 1001 remittes
1632 961 1679 1001 et
1722 970 1826 1016 per-

234 1023 456 1070 miscebis
486 1030 533 1069 et
563 1030 724 1084 postea
754 1025 803 1069 in
833 1025 1056 1070 mortario
1088 1023 1227 1069 simul
1257 1029 1473 1070 conteres
1503 1031 1550 1070 et
1581 1026 1648 1071 sic
1679 1027 1826 1071 uteris

234 1094 289 1140 ad
329 1092 634 1139 articulorum
672 1099 718 1139 et
754 1107 1005 1139 nervorum
1043 1093 1456 1139 confirmationem.

375 1163 690 1221 Argimoniam
722 1177 777 1208 ex
810 1164 914 1208 vino
947 1167 1134 1208 austero
1166 1176 1340 1222 coques
1372 1169 1418 1208 et
1448 1169 1572 1209 teres
1604 1163 1826 1210 adrorans

231 1232 470 1278 interdum
508 1231 672 1278 eodem
709 1233 813 1278 vino
851 1231 1057 1294 herbam,
1094 1238 1195 1278 tum
1234 1232 1428 1278 fomenti
1463 1232 1600 1278 modo
1632 1232 1825 1280 calidam
1849 1246 1889 1279 ιε

232 1300 635 1363 condylomatibus
673 1301 978 1348 articulorum
1015 1301 1087 1349 vel
1126 1301 1500 1363 quibuscumque
1531 1301 1632 1348 aliis
1664 1317 1824 1364 super-

230 1386 378 1433 pones
416 1377 463 1417 et
498 1386 556 1417 ne
595 1371 779 1418 decidat
815 1370 1038 1432 alligabis.

374 1440 640 1501 Serpullum
677 1456 824 1502 aeque
863 1455 969 1487 cum
1007 1443 1114 1487 vino
1152 1447 1338 1487 austero
1376 1448 1561 1488 coctum
1590 1443 1693 1502 pari
1723 1442 1822 1488 dili-

231 1512 386 1572 gentia
439 1511 649 1557 articulis
700 1513 917 1573 inpones,
968 1512 1206 1572 potentius
1250 1511 1510 1558 remedium
1554 1513 1822 1572 experieris.

232 1581 281 1627 Si
313 1580 585 1642 condyloma
615 1580 955 1627 intolerabilem
986 1580 1193 1627 dolorem
1225 1580 1376 1643 faciet,
1412 1581 1660 1627 medullam
1696 1583 1823 1628 canis
1847 1596 1888 1627 20

230 1665 287 1697 ex
323 1652 430 1696 vino
468 1658 654 1697 austero
693 1650 896 1711 subigito
931 1656 978 1696 et
1007 1652 1232 1712 inponito,
1271 1665 1378 1697 cum
1409 1665 1588 1697 summa
1619 1651 1823 1698 efficacia

230 1720 455 1781 proderit.
521 1720 786 1781 Argimonia
839 1722 948 1766 trita
993 1735 1098 1767 cum
1145 1720 1278 1780 adipe
1320 1722 1549 1781 permixta
1594 1735 1822 1767 summam

229 1789 472 1836 medellam
517 1789 919 1851 condylomatibus
972 1790 1161 1836 exhibet
1205 1789 1523 1837 articulorum.
1600 1789 1821 1850 Spumam

228 1861 410 1920 argenti
455 1865 502 1906 et
546 1874 783 1906 cerussam
830 1859 968 1906 simul
1013 1875 1068 1906 ex
1113 1861 1218 1906 vino
1264 1866 1480 1906 conteres
1517 1862 1678 1920 aequis
1714 1874 1819 1920 por-

228 1929 436 1976 tionibus
477 1935 524 1975 et
559 1930 756 1990 inpones
801 1929 1155 1991 condylomatis3
1201 1932 1241 1975 si
1285 1929 1452 1976 vulnus
1497 1930 1682 1992 fecerit,
1728 1929 1817 1976 sul·
1843 1942 1884 1974 25

227 2001 360 2060 puris
400 2000 488 2045 vivi
525 2001 711 2045 unciam
748 1999 934 2046 adicies.

369 2068 419 2114 Si
471 2069 655 2129 quando
704 2083 798 2115 non
851 2068 1138 2115 exulceratas
1191 2069 1466 2115 eminentIas
1511 2068 1673 2115 tollere
1719 2070 1819 2115 sine

226 2138 351 2184 ferro
390 2138 695 2202 voluerimus,
741 2145 793 2185 ut
830 2153 1064 2200 verrucas,
1102 2153 1284 2200 naevos,
1323 2137 1473 2184 clavos
1511 2138 1678 2184 aliasve
1717 2140 1818 2184 eius

225 2209 412 2267 generis
449 2208 705 2270 molestias,
742 2208 831 2254 hoc
869 2209 1206 2254 medicamento
1244 2214 1452 2254 utemur:
1504 2207 1652 2254 Calcis
1691 2208 1816 2254 vivae

225 2277 264 2323 X
305 2277 381 2339 VI,
426 2277 630 2324 faeculae
668 2284 826 2324 coctae
865 2278 904 2324 X
940 2278 1025 2340 III,
1070 2279 1182 2323 nitri
1220 2279 1315 2324 usti
1351 2277 1390 2323 X
1424 2275 1499 2323 ΙΙΙ.
1564 2276 1688 2323 Haec
1727 2279 1818 2324 teri
1838 2291 1900 2322 3o›

225 2352 410 2408 oportet
455 2354 502 2393 et
544 2347 683 2393 lixivo
732 2347 889 2408 colligi
934 2348 989 2394 de
1036 2349 1192 2394 cinere
1237 2347 1612 2408 caproficiiacto
1651 2346 1721 2392 vel
1758 2347 1814 2393 de

224 2419 494 2478 sarmentis,
548 2417 695 2463 donec
740 2417 839 2463 leve
885 2419 946 2463 sit
990 2423 1037 2464 et
1079 2418 1203 2477 passi
1250 2418 1329 2462 fiat
1373 2423 1815 2479 temperamentum3

225 2486 392 2533 deinde
445 2487 566 2533 adici
618 2487 757 2533 debet
800 2486 1017 2534 rubricae
1062 2486 1236 2547 aliquid
1281 2493 1359 2532 aut
1403 2487 1669 2548 atramenti,
1722 2501 1812 2547 quo

224 2558 372 2617 possit
417 2556 635 2619 colorari,
682 2571 799 2618 quae
846 2557 984 2603 simul
1029 2558 1170 2602 mixta
1214 2557 1261 2601 in
1303 2555 1468 2615 patella
1506 2555 1637 2601 fictili
1675 2557 1813 2616 coqui

366 2667 389 2703 6
422 2661 615 2717 cedriae]
648 2676 818 2705 carnae.
910 2667 960 2704 12
993 2664 1070 2704 aut
1098 2663 1265 2715 postea.
1357 2666 1407 2703 16
1439 2660 1808 2703 condilimatibus.

227 2720 277 2758 18
310 2718 559 2770 serpullam.
678 2723 727 2760 19
759 2719 1065 2772 potentiorem.
1181 2722 1234 2758 20
1265 2716 1522 2759 condilema.
1626 2721 1678 2758 23
1709 2730 1809 2758 con-

223 2771 508 2815 dilimatibus.
625 2777 676 2816 28
706 2787 854 2816 nevos».
970 2778 1024 2815 34
1053 2773 1228 2826 quoqui.
