1930 3008
861 115 1232 164 —356—

161 247 215 285 82
386 239 454 285 Ad
495 242 672 286 varices
710 240 934 301 fugandas
972 242 1231 289 remedium
1269 244 1356 290 sic:
1393 242 1603 291 Hederae
1633 245 1838 293 radicem

244 308 405 370 tolles,
442 325 548 356 cum
587 310 729 357 fuerit
765 310 874 357 luna
912 312 959 357 in
998 313 1208 373 aquario,
1247 319 1293 359 et
1330 314 1568 361 circumda
1606 329 1705 377 eas,
1743 317 1836 363 cito

159 385 211 423 83
243 379 506 426 medebere.
571 379 782 426 Hederae
820 380 957 427 bacas
996 387 1112 442 tres,
1161 396 1277 443 quae
1315 397 1400 443 per
1436 385 1661 444 parietem
1699 387 1835 448 repit,
1901 447 1903 453 y

243 449 371 511 pedi,
413 451 461 495 in
509 464 600 510 quo
646 456 757 496 sunt
792 452 991 511 varices,
1039 451 1222 512 alligato
1260 452 1332 498 vel
1368 453 1572 500 radicem
1610 455 1710 501 eius
1749 456 1837 502 cir·

158 525 213 563 84
243 518 474 565 cumdato.
530 518 655 579 Rapa
687 534 742 565 ex
774 534 892 580 aqua
923 519 1041 566 salsa
1071 521 1306 582 decoques
1336 529 1384 568 et
1414 537 1703 585 superpones
1733 539 1836 585 per·
1856 538 1875 570 5

242 588 462 634 nionibus
508 591 599 635 iam
646 589 1023 652 erumpentibus,
1069 590 1311 637 medellam
1359 592 1519 638 utilem
1566 595 1835 654 experieris.

156 663 209 701 85
243 657 432 718 Spinam
480 672 534 704 ex
580 658 699 719 pede
736 658 809 705 vel
846 674 1139 721 quacumque
1179 663 1389 722 corporis
1430 669 1583 724 parte,
1622 665 1660 709 si
1697 663 1836 711 altius

240 727 401 774 adacta
446 727 608 790 fuerit,
655 730 755 774 sine
801 729 960 775 dolore
1006 730 1243 793 extrahes,
1291 746 1396 777 cum
1435 733 1678 779 arundinis
1715 734 1835 780 radi-

239 811 341 843 cem
386 797 660 858 adposueris
704 799 752 844 in
797 801 1018 846 mortario
1063 799 1242 860 lapideo
1290 807 1533 848 contusam
1570 809 1617 849 et
1653 803 1834 851 adiecto

237 866 373 913 melle
412 867 672 930 subactam,
716 868 863 914 donec
902 869 957 915 ad
997 870 1355 916 crassitudinem
1393 873 1542 917 ceroti
1578 873 1832 936 redigatur,
1855 887 1901 918 10-

238 942 285 983 et
320 936 464 983 linteo
503 938 655 998 spisso
693 937 824 984 inlita
862 939 1135 1002 adponatur,
1173 941 1221 985 in
1261 955 1352 1001 quo
1390 941 1662 1002 frequenter
1700 944 1832 1004 spina

236 1008 337 1068 ipsa
375 1008 523 1053 eiecta
559 1009 810 1054 invenitur.

153 1082 205 1120 86
377 1076 667 1123 Marrubium
705 1079 959 1123 contritum
998 1078 1202 1124 admixto
1238 1079 1331 1125 sale
1362 1080 1545 1126 modico
1577 1082 1832 1141 inpositum

236 1159 382 1207 aeque
426 1146 658 1206 proficere
703 1153 885 1193 constat
929 1147 984 1193 ad
1033 1148 1314 1194 extrahenda
1360 1163 1433 1211 ea,
1471 1164 1595 1211 >quae
1646 1153 1833 1211 corpori

150 1221 203 1259 87
234 1214 536 1262 inhaeserint.
585 1215 787 1262 Herbam
819 1218 1017 1262 urticam
1049 1219 1144 1264 sive
1177 1219 1369 1264 viridem
1402 1221 1498 1265 sive
1529 1221 1699 1266 siccam
1724 1235 1830 1267 con·
1854 1234 1894 1266 15

233 1287 392 1331 tritam
442 1285 622 1331 adiecto
669 1285 878 1346 quolibet
923 1287 1115 1347 coagulo
1161 1288 1385 1351 adpones,
1438 1289 1630 1335 cuilibet
1673 1290 1830 1336 inhae-

149 1359 203 1398 88
235 1356 369 1417 serit3
416 1356 661 1402 confestim
708 1356 953 1402 miraberis
999 1356 1286 1404 celeritatem
1331 1359 1566 1405 medellae.
1637 1358 1829 1406 Stercus

234 1439 496 1485 aprugnum
537 1440 592 1471 ex
630 1426 735 1471 vino
774 1425 1019 1472 subactum
1055 1432 1101 1472 et
1132 1427 1371 1488 emplastri
1400 1443 1529 1475 more
1560 1430 1828 1491 inpositum,

235 1494 458 1555 quicquid
497 1494 752 1541 inhaeserit
789 1497 988 1556 corpori,
1027 1496 1243 1543 celeriter
1282 1498 1483 1545 extrahit
1520 1504 1566 1545 et
1604 1506 1747 1546 sanat.

148 1569 201 1607 89
374 1563 549 1625 Butyro
589 1570 635 1610 et
672 1564 872 1611 medulla
911 1567 1096 1611 cervina
1135 1574 1180 1612 et
1218 1566 1323 1613 felle
1360 1570 1544 1614 taurino
1583 1583 1690 1614 cum
1727 1568 1827 1615 oleo
1851 1582 1901 1613 eor

147 1639 202 1677 90
234 1635 427 1694 cyprino
447 1640 539 1680 aut
569 1633 750 1680 laurino
781 1636 1001 1695 perfricta
1034 1650 1183 1696 genua
1215 1644 1448 1684 sanantur.
1507 1637 1724 1684 Talorum
1757 1644 1827 1684 tu-

233 1703 445 1749 moribus
483 1710 530 1749 et
567 1703 806 1750 doloribus
843 1705 1087 1751 musculus
1126 1707 1331 1754 marinus
1361 1709 1501 1754 tritus
1533 1722 1588 1754 ex
1620 1707 1720 1754 oleo
1751 1722 1826 1754 ve-

231 1780 334 1819 tere
370 1775 604 1834 inpositus
641 1773 871 1820 medetur.

146 1848 200 1886 91
372 1842 652 1889 Malandriae
699 1850 745 1890 et
781 1844 954 1904 frigore
992 1845 1170 1890 adustis
1207 1845 1406 1905 pedibus
1442 1846 1634 1906 prodest
1671 1848 1825 1894 cuius-

230 1911 345 1958 libet
381 1913 575 1974 pecudis
614 1927 773 1959 sevum
813 1928 919 1960 cum
958 1913 1160 1960 alumine
1198 1916 1360 1961 tritum
1399 1915 1470 1961 vel
1504 1922 1749 1963 excoctum
1780 1923 1826 1964 et
1848 1930 1899 1963 25-

231 1983 381 2028 ceroti
419 1982 554 2028 modo
592 1984 862 2044 inpositum.

146 2057 199 2095 92
371 2052 547 2098 Attritu
586 2052 996 2099 calciamentorum
1034 2053 1180 2100 factos
1219 2054 1370 2100 clavos
1409 2055 1622 2101 emendat
1653 2057 1824 2102 veteris

231 2121 383 2168 soleae
422 2127 611 2168 exustae
651 2124 768 2168 cinis
805 2137 911 2169 cum
951 2123 1052 2169 oleo
1090 2125 1334 2184 inpositus.

145 2197 198 2235 93
370 2191 617 2238 Ulceribus
666 2192 883 2239 omnibus
935 2193 1106 2253 pedum
1159 2195 1207 2239 in
1257 2193 1463 2254 qualibet
1505 2200 1637 2254 parte
1682 2194 1823 2257 adeps

230 2262 391 2307 ursina
430 2261 585 2308 addito
623 2262 826 2308 alumine
863 2263 1091 2310 medetur.
1841 2279 1895 2310 ao

145 2336 201 2373 94
373 2330 442 2394 Ei,
481 2333 562 2391 qui
592 2334 767 2392 patitur
803 2334 994 2394 varices,
1026 2334 1120 2378 sevi
1151 2332 1320 2379 hircini
1352 2332 1567 2379 selibram
1600 2340 1646 2380 et
1674 2334 1822 2396 adipis

231 2400 288 2446 de
333 2415 508 2461 capone
552 2400 718 2447 libram
764 2401 903 2447 simul
947 2404 1178 2463 permisce
1223 2408 1269 2448 et
1313 2404 1361 2448 in
1403 2401 1546 2448 linteo
1592 2403 1664 2449 die
1702 2403 1821 2451 Iovis

231 2471 381 2516 ceroti
418 2485 546 2516 more
585 2471 778 2533 adpone,
815 2476 1032 2531 potenter
1071 2471 1330 2518 subvenies

146 2544 199 2582 95
372 2539 564 2586 Stercus
602 2554 832 2600 aprunum
872 2547 1061 2587 tunsum
1094 2540 1440 2601 cribratumque
1472 2547 1517 2587 et
1549 2556 1654 2588 cum
1685 2543 1819 2589 melle

231 2608 464 2655 deteriore
496 2615 681 2656 coctum
713 2616 759 2656 et
790 2610 1034 2656 subactum
1066 2610 1273 2656 articulis
1306 2612 1559 2671 inpositum
1590 2612 1818 2660 medetur.
1842 2624 1882 2657 35

373 2760 395 2797 7
427 2756 620 2809 corporis
651 2758 775 2810 parte
807 2757 862 2812 si]
894 2757 984 2799 Hic
1013 2758 1172 2800 codicis
1199 2759 1315 2810 finis.
