1930 3008
161 535 213 573 51

161 884 213 922 52

160 1163 212 1201 53

158 1302 214 1340 54

157 1442 211 1480 55

156 1582 211 1619 56

157 1720 209 1758 57

156 1861 209 1900 58

155 2140 209 2177 59

152 2420 207 2457 60

852 84 1313 170 —346-*

247 249 378 309 porri
422 247 608 295 sectiles
654 247 725 294 vel
769 249 978 311 capitati,
1030 250 1254 311 ocimum,
1300 247 1577 311 feniculum,
1623 251 1838 313 satureia,

245 319 497 380 pastinaca,
529 317 711 381 cardui3
741 318 826 365 hae
858 320 959 365 esui
990 318 1121 364 datae
1153 319 1292 364 etiam
1318 332 1470 365 mares
1494 320 1622 365 nasci
1645 319 1837 367 faciunt.

246 388 306 434 At
335 402 445 434 vero
477 389 738 434 contrariae
770 394 880 434 sunt
909 387 1132 449 puleium,
1170 389 1338 450 apium,
1370 394 1488 451 ruta,
1523 389 1836 452 coriandrum,

246 462 417 520 menta,
454 457 648 515 lactuca,
686 459 993 520 nasturcium,
1031 456 1266 504 anethum.

385 527 454 573 Ad
492 528 746 574 ramicosos
785 533 831 573 et
868 526 1039 588 quibus
1072 533 1253 574 veretra
1291 534 1336 574 et
1370 526 1577 574 testiculi
1614 527 1838 574 dolebunt
1861 542 1881 575 5

247 596 495 643 medullam
526 598 659 657 panis
690 598 861 643 siccam
891 598 940 642 in
972 598 1194 643 mortario
1226 602 1455 660 conteres,
1487 597 1654 644 deinde
1685 597 1839 644 oleum

246 668 294 712 in
333 669 613 727 sartaginem
651 667 809 713 mittes
854 672 901 712 et
938 667 1005 712 sic
1044 666 1293 712 medullam
1329 668 1462 728 panis
1499 668 1656 714 tritam
1697 681 1840 728 super

246 735 401 782 oleum
430 737 588 783 mittes
619 741 666 782 et
692 735 930 797 paululum
955 736 1098 797 friges
1122 736 1416 798 calidumque
1441 751 1582 798 super
1604 738 1840 798 pectinem

246 805 446 852 dolentis
484 806 703 869 adpones,
740 807 857 852 mire
896 806 1156 852 subvenies.

385 874 557 922 Fabam
588 875 759 922 fresam
790 877 838 921 in
868 875 1065 922 mulsam
1095 890 1262 936 aquam
1293 876 1487 922 infunde
1519 882 1695 922 etcum
1719 875 1838 922 bene
1862 891 1903 923 ιο

244 945 587 1006 permaduerit,
632 951 823 992 contere
862 960 914 992 ac
952 945 1062 991 dum
1101 953 1226 991 teres
1263 947 1368 991 vino
1407 959 1601 1006 asperge
1641 953 1688 992 et
1723 951 1838 992 tam·

245 1029 384 1076 quam
421 1015 646 1075 malagma
684 1015 883 1061 calidum
922 1015 1138 1061 verendis
1176 1015 1403 1078 adpones,
1448 1017 1604 1062 statim
1643 1014 1836 1062 dolenti-

244 1084 332 1131 bus
371 1099 423 1131 ac
461 1084 752 1131 tumentibus
788 1085 1020 1131 testiculis
1057 1084 1320 1131 medebere.

385 1153 587 1201 Verendi
624 1154 769 1200 virilis
807 1154 997 1200 clavulis
1036 1160 1082 1200 et
1119 1153 1358 1200 ulceribus
1388 1153 1488 1200 aloe
1518 1155 1628 1201 trita
1659 1153 1839 1201 utiliter

243 1225 499 1285 inponitur,
539 1238 646 1270 cum
683 1225 815 1284 prius
852 1225 959 1270 vino
997 1223 1120 1270 eluta
1158 1225 1334 1270 fuerint
1370 1225 1479 1270 vitia
1518 1225 1703 1270 veretri.
1861 1238 1901 1270 15

384 1293 701 1355 Emplastrum
731 1293 892 1355 viride,
931 1293 1054 1354 quod
1084 1293 1254 1340 medici
1284 1293 1476 1339 chloran
1506 1293 1751 1357 appellant,
1781 1308 1838 1340 ex

243 1377 436 1410 rosaceo
482 1365 732 1410 remissum
770 1365 819 1409 in
856 1363 1046 1409 linteolo
1084 1365 1215 1410 tenui
1253 1363 1437 1409 inlitum
1476 1365 1673 1410 veretris
1712 1363 1837 1410 exul-

244 1435 413 1480 ceratis
458 1432 638 1479 utiliter
682 1434 938 1494 inponitur.
1008 1432 1177 1480 Sevum
1216 1433 1409 1494 pecudis
1447 1447 1472 1479 a
1509 1433 1702 1480 renibus
1739 1432 1835 1479 vul-

243 1518 347 1550 sum
386 1503 590 1549 admixto
627 1504 828 1563 pumicis
866 1505 1024 1549 cinere
1063 1508 1110 1549 et
1147 1503 1240 1549 sale
1279 1504 1540 1549 rectissime
1571 1502 1836 1550 dolentibus

244 1579 290 1619 et
341 1572 634 1620 tumentibus
679 1574 877 1619 veretris
922 1574 1176 1633 inponitur.
1249 1573 1566 1619 Arietinorum
1610 1572 1834 1619 vellerum
1859 1587 1900 1619 20

243 1644 361 1689 cinis
407 1657 514 1689 cum
559 1657 677 1703 aqua
722 1644 896 1689 mixtus
943 1648 990 1688 et
1035 1642 1273 1703 adpositus
1317 1642 1625 1689 incommodis
1663 1644 1837 1689 veretri

240 1718 483 1774 repugnat.
533 1711 740 1773 Ungulae
771 1711 974 1758 mulinae
1006 1719 1196 1759 exustae
1228 1714 1346 1759 cinis
1377 1711 1626 1759 salubriter
1655 1714 1834 1774 insper-

241 1784 367 1844 gitur
403 1783 527 1829 vitiis
566 1787 872 1828 veretrorum.

383 1851 702 1898 Carbunculos
740 1852 796 1898 de
826 1853 1023 1898 veretris
1055 1853 1334 1898 exterminat
1362 1852 1592 1898 muricum
1623 1851 1692 1898 vel
1724 1866 1834 1912 pur-

240 1936 466 1983 purarum
496 1923 544 1967 in
577 1921 857 1968 carbonibus
881 1927 1092 1968 ustarum
1118 1924 1235 1968 cinis
1259 1936 1365 1968 cum
1390 1920 1524 1967 melle
1549 1922 1830 1984 permixtus;
1855 1936 1895 1967 25

239 1991 363 2037 idem
407 1997 648 2053 praestant
693 1991 918 2052 singulari
963 1992 1168 2037 efficacia
1215 1991 1490 2038 salsamenta
1534 1991 1738 2037 discocta
1787 1998 1833 2038 et

241 2075 346 2107 cum
384 2061 521 2107 melle
558 2063 787 2122 permixta
824 2063 1028 2122 tritaque
1066 2061 1288 2122 adposita.

380 2131 617 2177 Permixto
656 2130 858 2177 alumine
897 2138 943 2177 et
980 2145 1133 2192 myrra
1171 2131 1230 2177 fel
1266 2130 1492 2177 bubulum
1524 2130 1579 2175 ad
1612 2131 1831 2176 crassitu-

240 2200 396 2247 dinem
434 2200 584 2247 mellis
623 2200 869 2248 subactum
908 2207 954 2247 et
989 2200 1174 2247 inlitum
1214 2215 1285 2263 ea,
1331 2215 1448 2261 quae
1492 2201 1689 2253 veretris
1736 2214 1831 2245 ser-

237 2276 369 2333 punt,
399 2272 517 2317 mira
548 2269 786 2317 celeritate
815 2276 1055 2332 persanat3
1087 2285 1227 2331 supra
1258 2271 1398 2316 etiam
1428 2268 1532 2315 beta
1563 2270 1668 2315 vino
1700 2275 1830 2316 cocta
1853 2284 1894 2314 30

238 2346 367 2387 recte
403 2342 659 2402 inponitur.

380 2409 575 2473 Cocleis,
613 2425 730 2471 quae
762 2409 914 2456 nudae
945 2410 1262 2466 inveniuntur,
1295 2409 1494 2455 adicitur
1524 2407 1697 2468 aliquid
1730 2409 1831 2454 triti

238 2481 358 2526 turis
403 2486 449 2527 et
494 2480 587 2526 albi
631 2494 824 2527 ovorum
870 2485 1008 2540 atque
1054 2479 1162 2525 inde
1201 2478 1356 2524 ulcera
1393 2477 1721 2524 testiculorum
1757 2485 1829 2524 tu-

237 2551 410 2596 mentia
442 2556 489 2596 et
518 2549 794 2611 hydrocelae
826 2563 1080 2610 puerorum
1112 2550 1206 2594 sive
1237 2548 1434 2593 ramices
1458 2546 1828 2610 superlinuntur,

381 2660 402 2695 1
433 2655 715 2698 faeniculum.
861 2661 884 2696 2
916 2655 1162 2709 pastinaga.
1299 2653 1426 2695 essui.
1564 2657 1588 2693 3
1620 2653 1826 2706 poleium.

238 2715 291 2752 14
324 2711 522 2753 verende.
652 2716 704 2753 22
737 2711 944 2753 murinae.
1074 2715 1128 2751 24
1156 2721 1458 2763 purporarum.
1598 2713 1651 2750 28
1682 2709 1826 2751 mirra.

236 2767 417 2809 bubulo.
534 2772 585 2809 31
617 2767 863 2821 inponetur.
979 2770 1033 2808 34
1062 2765 1288 2807 idroceles.
