1930 3008
839 162 903 169 -
981 133 1223 183 342-

233 267 418 308 mentae
457 263 560 308 suci
596 261 758 308 viridis
799 256 859 329 9-
891 261 968 324 VI,
1016 261 1349 323 staphisagriae
1389 254 1450 327 ῼι
1482 259 1560 323 VI,
1605 262 1689 307 iris
1726 260 1829 323 Illy·

234 333 359 378 ricae
393 325 454 398 „9⁶
486 331 558 394 vl,
596 330 812 378 aluminis
845 333 980 378 scissi
1011 325 1071 398 ᾅ-
1104 330 1175 393 VI,
1212 344 1395 392 myrrae
1428 324 1488 397 ,9ο
1524 330 1600 392 111,
1638 332 1829 378 seminis

232 401 406 448 herbae
445 401 799 463 symphoniacae
839 403 988 448 siccae
1022 395 1082 467 9⁴
1113 400 1188 447 Ill.
1238 400 1363 447 Haec
1395 401 1548 447 omnia
1580 402 1828 462 separatim

233 473 344 518 trita
391 471 529 517 simul
573 471 794 518 miscebis
840 478 885 518 et
929 473 1102 517 iterum
1148 470 1288 517 simul
1323 477 1469 532 teres;
1514 470 1622 517 inde
1660 471 1828 532 empla-

233 546 384 587 strum
423 541 566 587 facies
604 541 674 588 vel
714 542 958 602 pittacium
1006 546 1051 587 et
1095 554 1242 601 pones
1286 542 1335 586 in
1372 540 1527 587 dextri
1562 540 1695 602 pedis
1732 540 1870 603 pol-5

231 609 335 673 lice,
373 625 479 658 cum
517 612 587 657 uti
617 610 819 657 volueris
851 625 1036 673 venere,
1075 616 1121 656 et
1159 624 1265 657 cum
1300 624 1484 657 cessare
1516 610 1734 673 volueris,
1772 611 1828 657 ad
1917 602 1926 611 ⁸

233 681 415 727 sinistri
452 680 584 742 pedis
623 680 837 742 pollicem
877 681 1147 727 transferes.

176 761 200 797 9
373 749 440 796 Ad
487 752 719 811 cepariam
765 752 995 797 satureiae
1041 751 1190 796 siccae
1234 749 1399 796 ssorem
1443 749 1607 811 collige
1645 756 1692 797 et
1728 750 1827 812 pul-

231 834 388 866 verem
427 820 536 867 inde
578 820 715 867 facito
753 827 798 867 et
829 820 1085 867 melilotum
1117 819 1339 866 combure
1372 826 1418 866 et
1448 820 1688 880 pulverem
1718 820 1826 867 inde

231 890 391 952 facit03
431 889 646 936 similiter
684 890 740 936 de
780 890 985 952 cydoneo
1025 891 1149 936 sicco
1189 889 1448 952 combusto,
1484 891 1623 936 etiam
1662 890 1718 936 de
1757 905 1826 953 eo,
1850 903 1890 934 10

232 962 312 1020 qui
356 961 405 1005 in
450 959 614 1006 arbore
662 959 779 1007 solet
825 962 978 1007 siccus
1024 973 1287 1022 remanere,
1325 960 1566 1020 pulverem
1605 960 1742 1007 facito
1781 968 1827 1007 et

232 1029 424 1076 cribello
462 1029 727 1076 medicinali
765 1044 950 1076 omnem
989 1029 1228 1091 pulverem
1266 1044 1406 1076 cerne
1440 1035 1487 1076 et
1515 1031 1746 1091 permisce
1780 1035 1826 1076 et
1878 1087 1882 1090 θ

232 1114 339 1146 cum
379 1101 484 1145 vino
522 1106 679 1146 vetere
719 1098 940 1146 calefacto
978 1099 1133 1146 locum
1171 1098 1336 1161 inline,
1375 1100 1514 1146 etiam
1550 1099 1693 1145 linteo
1730 1099 1824 1146 illic

231 1169 443 1230 adposito
483 1176 608 1230 tege,
649 1171 712 1215 ita
750 1175 920 1231 tamen,
958 1175 1010 1215 ut
1048 1169 1164 1215 duae
1203 1174 1360 1228 partes
1398 1170 1491 1215 sint
1529 1168 1584 1215 de
1624 1170 1825 1215 satureia

230 1244 277 1285 et
321 1238 527 1299 singulae
574 1239 630 1285 de
675 1238 879 1285 meliloto
928 1244 974 1285 et
1020 1238 1248 1300 cydoneo3
1296 1238 1375 1285 sed
1423 1240 1638 1299 quotiens
1680 1239 1823 1286 medi·
1849 1252 1888 1283 15

231 1322 394 1355 camen
431 1322 594 1371 pones,
632 1311 737 1354 vino
776 1315 933 1355 vetere
972 1308 1120 1355 calido
1158 1309 1291 1368 prius
1328 1308 1481 1355 locum
1520 1307 1637 1355 elue.

147 1386 199 1423 10
369 1377 571 1440 Myrram
595 1379 643 1424 in
667 1378 909 1439 pulverem
933 1378 1315 1425 delicatissimum
1339 1378 1498 1439 redige
1523 1385 1569 1425 et
1592 1378 1647 1425 ad
1670 1378 1824 1425 locum

229 1449 441 1510 cepariae
480 1448 673 1495 adsidue
712 1463 818 1495 cum
860 1449 964 1494 vino
1002 1454 1157 1495 vetere
1196 1462 1337 1510 pone,
1375 1450 1493 1495 mire
1531 1448 1823 1495 remediabis.

147 1526 197 1564 11
371 1517 439 1564 Ad
486 1518 714 1564 infantum
761 1518 1002 1564 testiculos
1048 1519 1239 1564 vitiosos
1287 1518 1357 1564 vel
1402 1524 1637 1565 tumentes
1676 1533 1823 1564 reme-

230 1587 358 1634 dium
397 1588 560 1634 esficax
599 1589 687 1634 sic:
725 1588 966 1650 Araneam‚
1006 1602 1122 1648 quae
1161 1602 1244 1648 per
1281 1587 1410 1634 filum
1449 1602 1585 1634 suum
1618 1602 1667 1634 se
1699 1603 1821 1635 sum·
1846 1601 1887 1632 20

227 1659 387 1720 mittit,
412 1657 595 1718 quando
621 1672 809 1704 sursum
833 1672 996 1704 versus
1021 1659 1184 1719 currit,
1208 1671 1318 1719 rape
1343 1665 1389 1704 et
1413 1672 1518 1704 cum
1543 1672 1659 1718 aqua
1678 1658 1824 1705 calida

228 1729 386 1774 tritam
425 1729 648 1774 continuo
688 1727 743 1773 da
781 1727 945 1773 infanti
982 1727 1243 1774 bibendam.

146 1806 197 1843 12
369 1796 437 1843 Ad
483 1797 814 1844 abundantiam
867 1799 1056 1844 seminis
1104 1796 1467 1858 praeparandam
1514 1811 1700 1844 erucam
1746 1797 1822 1844 de-

189 1922 195 1926 ,
227 1873 408 1914 coctam
445 1866 588 1929 bibat,
627 1868 844 1928 quotiens
883 1868 1082 1928 quisque
1121 1868 1277 1927 inopia
1308 1868 1498 1913 seminis
1531 1881 1580 1913 se
1610 1866 1822 1914 laborare

226 1938 534 1999 perspexerit,
572 1937 644 1983 vel
681 1938 839 1999 potius
876 1937 1069 1983 adsidue
1107 1939 1336 1983 incoctam
1374 1937 1635 1985 manducet.
1845 1949 1885 1980 25

145 2015 196 2053 13
368 2007 437 2053 Ad
469 2008 643 2053 veretri
674 2021 834 2053 curam
866 2008 1261 2068 auripigmentum
1292 2012 1338 2052 et
1369 2006 1499 2053 aloen
1525 2009 1685 2068 aequis
1708 2021 1821 2068 pon-

227 2076 419 2123 deribus
457 2078 621 2123 tritum
653 2083 699 2123 et
729 2078 776 2122 in
806 2076 1045 2138 pulverem
1076 2077 1317 2123 redactum
1347 2076 1566 2123 miscebis
1597 2083 1644 2123 et
1673 2078 1821 2123 uteris

112 2188 115 2189 a
230 2161 338 2193 cum
376 2148 483 2193 vino
524 2152 680 2193 vetere
718 2148 795 2206 ita,
834 2154 885 2193 ut
922 2149 1053 2207 prius
1092 2153 1326 2193 veretrum
1366 2147 1472 2192 vino
1503 2152 1660 2192 vetere
1695 2146 1820 2192 eluas

146 2225 198 2263 14
231 2223 277 2263 et
309 2218 375 2263 sic
407 2216 712 2262 medicamine
744 2231 1040 2277 conspergas.
1092 2216 1160 2262 Ad
1192 2217 1363 2262 veretri
1395 2215 1600 2262 dolorem
1631 2230 1819 2262 caseum

227 2288 471 2347 caprinum
510 2291 556 2332 et
593 2286 685 2332 mel
721 2288 824 2347 pari
858 2286 1067 2347 pondere
1106 2287 1154 2332 in
1190 2285 1391 2347 pultario
1429 2285 1558 2332 fictili
1589 2300 1737 2347 coque
1773 2292 1819 2332 et
1842 2297 1882 2327 30

227 2356 299 2402 bis
348 2356 403 2402 ad
450 2356 572 2402 diem
622 2358 831 2419 impone,
886 2356 965 2402 sed
1015 2362 1121 2402 ante
1166 2357 1271 2401 vino
1317 2362 1472 2402 vetere
1518 2355 1692 2417 locum,
1739 2356 1820 2416 qui

144 2434 194 2473 15
228 2426 465 2472 curandus
503 2432 598 2487 est,
636 2425 776 2472 eluas.
843 2425 970 2471 Folia
1007 2427 1145 2488 myrti
1181 2427 1366 2471 ieiunus
1404 2425 1734 2471 commanduca
1773 2430 1819 2471 et

224 2498 274 2541 in
312 2496 470 2542 ulcera
508 2497 679 2542 veretri
717 2510 882 2558 expue,
921 2497 1075 2542 statim
1114 2495 1334 2556 proderit.

142 2574 192 2612 16
364 2565 432 2611 Ad
473 2572 683 2612 tumores
721 2572 768 2612 et
805 2565 989 2612 dolores
1028 2564 1349 2611 testiculorum
1389 2563 1595 2610 brassica
1632 2566 1813 2610 incocta

223 2649 330 2681 cum
362 2634 455 2680 sale
486 2637 596 2681 trita
626 2636 936 2697 impositaque
966 2634 1189 2697 prodesse
1221 2634 1511 2696 adfirmatur3
1549 2636 1812 2694 pastinacae
1837 2644 1876 2676 35

365 2786 418 2823 34
450 2782 662 2837 brassica]
694 2783 748 2835 cf.
776 2783 896 2826 Ptin.
922 2759 1026 2827 nssh.
1051 2787 1118 2835 20,
1142 2785 1206 2824 89.
