1898 3016
108 893 147 923 10

110 1242 147 1271 15

105 1589 145 1620 20

107 1937 147 1969 25

106 2288 146 2318 30

790 148 846 156 -
923 120 1166 171 259—-

314 248 554 295 Consectio
592 249 769 296 conditi
804 248 1024 310 nefritici,
1063 248 1187 310 quod
1225 248 1336 296 facit
1372 249 1429 296 ad
1460 249 1668 296 dolorem
1698 264 1771 297 re-

174 321 323 382 nium,
370 320 411 366 si
454 318 609 380 aliquo
655 334 766 366 casu
803 320 954 365 vexati
992 318 1188 381 fuerint,
1236 324 1283 365 et
1320 319 1376 366 ad
1415 321 1622 366 vessicae
1659 335 1769 381 pur-

173 391 406 450 gationem
437 395 483 436 et
514 403 570 435 ex
601 403 654 435 ea
684 389 886 436 calculos
912 387 982 435 vel
1007 388 1221 436 sablones
1247 389 1499 453 eiciendos,
1532 391 1621 437 sic:
1651 389 1769 437 Her-

173 458 258 506 bae
295 460 555 506 vettonicae
592 485 650 492 —
685 458 718 522 Ι,
755 458 927 506 herbae
966 458 1221 520 saxifragae
1257 484 1321 492 --
1353 459 1386 522 I,
1424 459 1612 523 herbae,
1650 475 1769 521 quae

172 528 432 590 appellatur
456 528 630 576 Graece
661 543 840 592 asaron,
872 531 1173 591 semunciam,
1203 531 1395 576 seminis
1423 529 1559 576 dauci
1582 544 1768 577 semun-

172 601 312 660 ciam,
358 600 548 646 seminis
592 598 864 660 petroselini
901 598 1188 646 Macedonici
1226 600 1433 657 unciam,
1472 602 1599 646 croci
1640 626 1699 632 —
1734 599 1768 662 Ι,

172 671 327 731 spicae
365 669 500 716 nardi
528 694 598 701 —
627 667 660 731 I,
698 670 874 730 piperis
908 694 968 701 —
1002 668 1058 731 Il,
1094 670 1190 715 vini
1227 669 1414 715 candidi
1451 671 1614 731 optimi
1645 675 1769 716 vete-

170 740 237 785 ris
275 740 502 786 sextarios
540 753 635 802 sex,
672 738 822 784 mellis
860 738 1122 799 despumati
1160 740 1324 800 optimi
1354 737 1403 785 Υ8*
1435 738 1474 802 Ι;
1514 739 1637 801 quod
1679 739 1768 786 hoc

169 809 307 855 modo
345 807 719 871 despumabitur,
759 813 811 854 ut
847 809 1059 854 mittatur
1094 810 1144 854 in
1181 808 1319 854 ollam
1356 815 1403 855 et
1439 810 1637 870 accipiat
1673 810 1769 855 vini

169 893 335 940 parum
374 879 430 925 de
469 893 611 939 supra
649 879 823 939 scripta
859 892 1081 924 mensura
1119 884 1165 924 et
1199 893 1307 924 cum
1345 880 1555 939 coeperit
1583 878 1769 940 bullire,

171 963 335 1010 spuma
359 950 509 995 omnis
533 947 722 995 cocliari
744 947 965 1009 paulatim
988 947 1191 995 tollatur.
1229 947 1412 995 Herbae
1433 954 1587 995 autem
1606 963 1768 996 omnes

169 1020 218 1065 in
248 1018 340 1080 pila
370 1019 649 1081 tunduntur,
680 1017 895 1064 similiter
919 1023 965 1064 et
988 1032 1194 1080 crocum,
1225 1018 1307 1064 sed
1339 1020 1589 1079 separatim
1613 1020 1768 1065 omnia

170 1096 217 1135 et
255 1088 445 1135 cribello
483 1090 758 1135 tenuissimo
798 1094 1059 1134 cernuntur
1095 1102 1280 1134 necnon
1318 1093 1365 1134 et
1400 1090 1538 1149 piper
1574 1090 1767 1151 teritur3

172 1173 290 1220 quae
328 1160 482 1204 omnia
520 1164 647 1205 creta
687 1157 824 1204 simul
862 1159 908 1204 in
946 1159 1222 1204 mortarium
1267 1159 1521 1204 mittuntur
1565 1164 1612 1204 et
1656 1173 1766 1219 pau-

170 1228 299 1275 latim
329 1230 436 1274 vino
467 1227 646 1275 adiecto
678 1227 926 1288 diligenter
956 1233 1188 1274 teruntur.
1239 1226 1366 1282 Quae
1399 1243 1506 1275 cum
1536 1230 1646 1274 trita
1670 1228 1767 1275 fue-

171 1300 284 1361 rint,
326 1297 554 1344 adicietur
593 1304 639 1344 et
675 1297 768 1343 mel
806 1303 852 1344 et
888 1298 1047 1344 vinum
1087 1302 1235 1344 totum
1273 1312 1415 1359 supra
1454 1299 1683 1358 scriptum
1721 1305 1768 1344 et

170 1368 417 1428 diligenter
447 1367 822 1429 permiscebitur,
860 1373 1022 1428 postea
1053 1367 1282 1414 condetur
1311 1369 1359 1413 in
1391 1367 1577 1414 vasculo
1609 1382 1766 1414 caroe-

167 1439 321 1499 nari03
359 1452 467 1485 cum
504 1443 659 1484 autem
695 1437 838 1484 fuerit
867 1439 1187 1483 necessarium
1215 1437 1491 1499 remedium,
1528 1439 1767 1499 potionem

167 1509 216 1554 in
253 1509 440 1569 pisinno
479 1507 621 1555 calice
660 1506 788 1554 calda
825 1507 1016 1553 mixtam
1049 1508 1208 1553 ieiuno
1239 1506 1371 1553 dabis
1400 1506 1665 1568 bibendam,
1702 1509 1766 1554 ita

167 1584 221 1624 ut
257 1583 448 1638 accepta
485 1579 674 1639 potione
710 1582 935 1623 vectetur.

307 1647 377 1694 Ad
408 1647 636 1694 calculum
669 1646 929 1693 remedium
960 1646 1123 1692 efficax
1154 1648 1242 1693 sic:
1279 1646 1444 1693 Nuclei
1474 1648 1601 1708 pinei
1624 1661 1767 1708 grana

167 1723 363 1779 purgata
400 1716 549 1777 XXX,
594 1716 819 1778 palmulas
856 1722 1076 1777 purgatas
1114 1716 1291 1762 infusas
1329 1715 1430 1779 XV,
1474 1717 1767 1778 tragacanthi

171 1783 231 1855 ἑὲ
264 1787 386 1850 XVI,
431 1787 540 1833 mali
581 1788 762 1848 granati
800 1786 949 1832 dulcis
987 1800 1151 1832 sucum
1190 1780 1252 1852 „9³
1282 1785 1404 1848 VIII,
1450 1788 1578 1832 croci
1616 1780 1679 1853 ,9³
1710 1787 1764 1848 II,

169 1872 351 1919 myrrae
370 1851 503 1923 9111.
535 1856 659 1903 Haec
676 1857 893 1902 universa
916 1861 1113 1902 contusa
1137 1861 1183 1902 et
1207 1855 1357 1902 soluta
1373 1857 1422 1901 in
1440 1870 1489 1902 se
1506 1857 1766 1903 miscentur

171 1934 216 1974 et
248 1941 304 1973 ex
332 1926 407 1973 his
438 1928 519 1987 qui
549 1925 726 1972 calculo
756 1925 936 1972 laborat
969 1939 1104 1971 mane
1134 1927 1321 1971 ieiunus
1354 1927 1553 1986 accipiet
1583 1925 1766 1972 coclear

171 2012 330 2060 unum,
366 1997 430 2043 ita
467 2002 520 2042 ut
556 2010 649 2042 non
679 1995 930 2042 manducet
957 2009 1109 2055 usque
1139 1994 1279 2041 horas
1309 1995 1494 2056 prandii
1530 1996 1764 2042 tardioris,

310 2066 379 2112 Ad
403 2065 721 2113 reniculorum
745 2064 953 2111 dolorem
968 2064 1228 2111 remedium
1245 2064 1546 2112 utilissimum
1564 2067 1652 2112 sic:
1677 2065 1762 2112 Cu-

170 2138 374 2184 cumeris
405 2138 506 2182 veri
536 2150 696 2182 semen
727 2137 775 2181 in
798 2140 918 2181 testa
941 2148 1087 2195 pones
1112 2148 1255 2196 super
1278 2134 1505 2182 carbones
1528 2136 1671 2197 vivos,
1701 2137 1764 2181 ita

170 2213 223 2254 ut
253 2212 510 2268 temperate
543 2211 767 2252 exuratur
797 2219 950 2265 neque
980 2206 1119 2250 nimis
1149 2218 1302 2265 neque
1334 2219 1512 2267 parum,
1545 2211 1592 2251 et
1621 2219 1678 2251 ex
1708 2219 1764 2251 eo

171 2270 233 2343 91
257 2274 342 2322 XII
375 2282 422 2323 et
451 2275 624 2322 malvae
658 2276 850 2322 seminis
875 2268 936 2340 ῼα
961 2273 1062 2319 XVI
1092 2279 1139 2320 et
1161 2274 1425 2336 amygdalae
1449 2289 1630 2321 amarae
1654 2288 1763 2335 pur-

170 2352 300 2407 gatae
346 2341 408 2413 ‘9‘
446 2344 646 2391 XXXVI.
712 2344 837 2391 Haec
884 2345 1132 2405 separatim
1177 2350 1314 2391 tunsa
1359 2358 1466 2391 cum
1502 2346 1552 2390 in
1588 2345 1763 2391 tenuis-

172 2417 338 2462 simum
376 2415 615 2477 pulverem
652 2415 840 2462 redacta
877 2414 1073 2471 fuerint,
1120 2413 1258 2460 simul
1299 2415 1492 2460 misceto
1531 2420 1577 2460 et
1615 2428 1670 2460 ex
1708 2428 1762 2459 eo

172 2500 278 2531 cum
321 2485 589 2547 hepsemae,
635 2485 682 2531 id
728 2491 798 2532 est
843 2498 1002 2546 sapae,
1048 2484 1211 2545 cyatho
1258 2483 1467 2531 cocleare
1511 2497 1657 2530 unum
1705 2483 1762 2529 de

171 2569 305 2600 mane
343 2557 498 2601 ieiuno
537 2555 666 2602 dabis
704 2553 972 2602 bibendum.

313 2665 339 2701 4
371 2660 627 2715 saxifregae.
743 2664 767 2701 5
799 2673 939 2702 saron.
1059 2664 1081 2700 7
1114 2658 1294 2702 canditi.
1420 2664 1471 2701 17
1503 2658 1762 2701 cai-cenario

170 2718 347 2770 scripsi:
377 2715 605 2759 cai-inario.
729 2721 781 2757 22
811 2715 1046 2758 tracanthi.
1169 2720 1222 2757 26
1251 2727 1388 2768 usque
1420 2715 1478 2757 ad
1509 2715 1750 2758 Cornarius

172 2777 225 2815 30
255 2772 516 2827 amigdalae.
646 2777 698 2814 33
729 2771 984 2826 hepsemae]
1017 2770 1214 2824 ipsimae.
1241 2775 1245 2780 “

1427 2840 1511 2883 17*

1800 259 1855 301 34

1797 1655 1850 1694 35

1795 2074 1848 2112 36
