1898 3016
773 98 1147 150 —135—

162 234 204 280 si
240 245 377 292 aqua,
420 231 470 276 in
508 242 597 290 qua
636 233 767 275 cocta
804 228 999 290 suerint,
1043 226 1361 288 gargarizatur
1401 232 1482 273 aut
1518 240 1569 272 os
1608 240 1663 272 ex
1702 239 1755 272 ea

163 300 404 349 colluatur.
466 298 779 345 Haec·omnia
817 303 1015 359 prosunt
1052 298 1190 343 etiam
1229 296 1444 356 anginam
1474 294 1754 342 habentibus

163 377 210 418 et
237 375 392 417 cetera
421 369 531 414 vitia
560 369 609 414 in
639 381 720 414 ore
751 373 854 415 nata
884 367 1135 413 efficaciter
1159 371 1338 412 curant.
1386 365 1488 412 Non
1513 365 1754 412 desinente
1785 375 1840 413 39

162 440 365 487 faucium
409 445 592 484 tumore
636 443 835 498 prosunt
875 451 970 483 non
1007 436 1158 483 solum
1196 436 1399 481 fomenta
1435 434 1640 481 molliter
1677 435 1753 482 ad·

96 521 119 554 5
161 509 308 556 hibita
353 507 563 555 faucibus
609 514 746 567 atque
792 508 978 553 arteriis
1018 520 1103 568 per
1140 505 1343 565 sfongias
1381 519 1527 566 aquae
1566 504 1755 567 calidae,

163 579 245 626 sed
283 579 420 624 etiam
458 575 783 637 cataplasmata
821 575 894 622 vel
932 576 1135 622 fomenta
1165 574 1222 620 de
1254 574 1427 620 farinis.
1493 574 1654 635 Itaque
1686 575 1755 620 in-

160 650 273 711 poni
303 646 537 709 oportebit
566 645 713 691 isdem
744 645 957 706 partibus
988 646 1181 691 farinam
1212 643 1520 690 hordeaceam
1552 658 1606 690 ex
1635 658 1755 705 aqua

160 732 278 779 pura
309 717 380 763 vel
410 715 556 762 mulsa
587 721 767 762 coctam
803 714 875 761 vel
916 715 1000 761 lini
1037 715 1228 761 seminis
1267 714 1459 760 farinam
1491 713 1563 760 vel
1601 713 1755 760 faeno-

161 788 317 848 graeci
347 787 540 832 farinam
572 785 786 831 similiter
817 791 1008 831 coctam.
1064 784 1154 830 Sed
1185 784 1380 829 mirifice
1410 790 1610 844 prosunt.
1641 783 1756 844 pulli

98 870 139 901 ιο
160 857 453 903 hirundinini
489 857 687 915 pingues
724 854 847 901 saliti
876 854 946 900 vel
982 860 1197 900 recentes
1229 854 1322 899 assi
1351 855 1399 898 in
1430 853 1534 899 cibo
1567 854 1755 913 sumpti.

159 926 380 972 Protinus
414 926 538 971 enim
569 938 753 971 omnem
783 924 1178 985 praefocationem
1208 930 1255 969 et
1284 928 1518 968 tumorem
1549 922 1756 968 faucium

160 995 340 1042 tollunt.
399 994 569 1040 Verum
607 996 647 1040 si
685 1008 945 1054 suppurare
985 993 1143 1039 fauces
1181 991 1479 1054 videbuntur,
1518 991 1754 1053 oportebit

160 1067 345 1127 saepius
369 1063 648 1125 gargalizare
672 1078 836 1124 aquam
862 1077 970 1110 cum
993 1064 1093 1109 ficis
1118 1061 1260 1108 aridis
1284 1070 1462 1108 coctam
1486 1061 1559 1108 vel
1587 1075 1753 1122 aquam

160 1134 354 1181 mulsam
387 1148 493 1180 cum
524 1147 664 1194 supra
695 1134 979 1193 scriptorum
1010 1133 1307 1178 admixtione.
1359 1130 1491 1185 Quod
1524 1133 1565 1177 si
1595 1137 1754 1177 tantus

96 1216 139 1249 15
162 1204 303 1250 fuerit
347 1210 522 1264 tumor,
566 1208 620 1249 ut
664 1204 800 1249 etiam
846 1202 1106 1263 praefocari
1142 1209 1222 1247 aut
1266 1201 1546 1261 strangulari
1595 1201 1754 1247 fauces

161 1274 426 1334 videantur,
473 1272 624 1319 alvum
670 1271 945 1318 subtrahere
991 1271 1208 1333 clysterio
1254 1270 1490 1331 oportebit
1534 1277 1615 1317 aut
1653 1284 1755 1317 san·

160 1345 349 1404 guinem
393 1344 606 1389 emittere
651 1342 708 1388 de
755 1341 946 1388 brachio
985 1342 1056 1387 vel
1102 1340 1189 1387 sub
1227 1340 1384 1400 lingua
1421 1354 1583 1386 venam
1622 1355 1753 1401 prae-

161 1413 330 1459 cidere.
379 1411 638 1474 Thymbrae
669 1426 725 1458 ex
755 1426 872 1472 aqua
903 1417 1062 1457 coctae
1094 1410 1164 1456 vel
1194 1412 1314 1456 aceti
1343 1424 1485 1470 vapor
1507 1424 1593 1470 per
1616 1424 1753 1456 arun·
1785 1417 1840 1455 40

160 1482 315 1529 dinem
361 1496 442 1527 ore
486 1489 706 1542 receptus
750 1481 944 1542 prodest
988 1480 1042 1527 ad
1083 1487 1291 1526 tumores
1330 1481 1425 1525 oris
1465 1485 1511 1526 et
1548 1481 1754 1540 gutturis

95 1564 136 1595 20
161 1559 208 1598 et
244 1552 460 1598 faucium.
513 1550 767 1611 Origanum
804 1552 967 1596 tritum
1005 1564 1113 1596 cum
1143 1549 1279 1595 melle
1309 1551 1564 1610 inpositum
1595 1549 1752 1596 ulcera
1784 1555 1838 1593 41

161 1622 256 1668 oris
293 1628 461 1682 purgat
497 1635 583 1667 nec
621 1621 796 1682 patitur
834 1635 886 1666 ea
924 1620 1108 1680 longius
1154 1633 1365 1681 serpere3
1418 1624 1605 1665 coctum
1644 1633 1754 1665 vero

161 1706 267 1738 cum
313 1705 431 1752 aqua
476 1698 522 1737 et
567 1691 694 1736 arida
731 1691 824 1736 ficu
862 1696 1000 1750 atque
1039 1689 1232 1735 adsidue
1270 1688 1599 1749 gargalizatum
1644 1689 1755 1735 facit

160 1767 206 1807 et
245 1761 299 1807 ad
339 1760 425 1806 alia
463 1761 585 1821 vitia,
622 1759 669 1805 id
708 1767 779 1806 est
816 1759 872 1805 ad
910 1760 1126 1819 anginam
1164 1766 1210 1805 et
1246 1758 1451 1819 linguam
1489 1759 1754 1820 sideratam‚

162 1830 284 1891 quod
323 1844 470 1890 genus
508 1828 659 1875 morbi
695 1829 862 1875 Graeci
897 1828 1129 1890 paralysin
1167 1835 1346 1874 vocant.
1407 1827 1754 1874 Sorbitionibus
1783 1833 1839 1870 42

96 1911 138 1942 25
161 1901 231 1946 uti
268 1899 501 1960 oportebit
539 1913 639 1961 eos,
679 1900 759 1960 qui
797 1898 853 1944 de
890 1913 978 1945 uva
1016 1904 1063 1944 et
1101 1897 1311 1944 faucibus
1350 1897 1581 1960 laborant,
1619 1898 1754 1944 factis

162 1984 216 2015 ex
255 1968 428 2031 amulo,
473 1970 641 2030 tisana,
689 1981 843 2029 oryza,
890 1967 1025 2030 alica,
1068 1968 1214 2013 farina
1252 1969 1455 2030 triticea,
1498 1967 1600 2013 faba
1638 1967 1754 2030 alba,

161 2040 311 2086 urtica
355 2046 514 2085 tenera
560 2053 666 2084 cum
711 2037 828 2084 lacte
873 2037 1084 2097 decocta3
1131 2036 1298 2083 deinde
1344 2051 1449 2084 cum
1495 2051 1551 2083 ex
1600 2036 1755 2098 aliqua

159 2116 291 2169 parte
329 2108 521 2154 relevati
558 2108 747 2170 suerint,
783 2113 883 2153 tum
921 2109 993 2153 uti
1029 2108 1128 2152 ovis
1166 2106 1417 2153 sorbilibus
1456 2106 1640 2153 debent.

300 2178 367 2224 Ad
413 2192 525 2224 uvas
569 2177 762 2223 callosas
808 2183 855 2222 et
898 2178 1093 2222 nimium
1131 2182 1367 2222 tumentes
1404 2177 1600 2222 mirifica
1638 2176 1752 2222 haec
1783 2183 1838 2219 43

97 2259 136 2290 30
162 2249 435 2309 compositio
480 2253 572 2309 est,
616 2247 726 2293 facit
771 2253 817 2293 et
861 2246 915 2292 ad
962 2254 1117 2292 cetera
1162 2246 1366 2292 saucium
1412 2252 1457 2292 et
1495 2247 1590 2292 oris
1628 2247 1752 2308 vitia,

162 2323 233 2364 est
269 2323 423 2363 autem
460 2317 598 2363 haec:
657 2318 789 2363 Aeris
828 2315 958 2362 floris
995 2315 1035 2360 X
1065 2315 1127 2379 ll,
1165 2315 1425 2362 chalcitidis
1462 2314 1502 2360 X
1533 2314 1596 2377 ΙΙ,
1634 2316 1754 2375 picis

161 2386 362 2447 liquidae
407 2386 636 2448 cyathum.
710 2385 939 2447 Coquitur
982 2387 1080 2446 pix,
1129 2385 1276 2431 donec
1325 2387 1505 2431 amittat
1548 2384 1757 2447 odorem,

162 2456 329 2502 deinde
366 2456 632 2503 adiciuntur
670 2458 713 2502 ei
751 2455 899 2502 mellis
936 2454 1088 2515 cyathi
1126 2469 1205 2500 sex
1244 2461 1383 2516 atque
1421 2456 1594 2500 iterum
1628 2460 1753 2501 utra-

162 2540 252 2587 que
303 2528 446 2572 mixta
497 2526 838 2587 infervescunt3
891 2531 997 2586 post
1049 2524 1137 2570 hoc
1187 2524 1387 2570 adicitur
1430 2525 1526 2570 vini
1570 2524 1756 2571 Aminei

182 2680 187 2687 ,
276 2637 298 2672 7
331 2632 600 2674 ordeaceam.
732 2635 756 2672 8
786 2632 987 2673 mulsam.
1122 2635 1172 2672 10
1203 2630 1463 2672 erundinini.
1601 2629 1751 2672 salliti.

162 2692 215 2784 ἐξ
246 2687 431 2795 εὲεἷΙὸἷιίητε
460 2687 549 2730 alia
578 2701 655 2730 om.
758 2691 812 2729 24
841 2687 1065 2741 paralisin.
1168 2691 1221 2728 26
1253 2687 1380 2728 oriza.
1490 2690 1542 2728 32
1574 2685 1754 2729 ciatum.
