1898 3016
111 1346 163 1384 22

109 1901 161 1940 23

109 1973 157 2009 24

107 2250 160 2288 25

809 100 1188 151 —250—

203 226 342 273 simili
372 227 576 275 efficacia
607 231 769 290 prosit,
802 229 1051 276 dummodo
1083 229 1371 276 medicamen
1396 232 1590 292 septima
1615 230 1794 278 decima

202 296 309 342 luna
348 306 673 361 componatur,
712 314 768 345 ex
807 314 860 345 eo
899 313 1010 360 ergo
1048 300 1156 345 fimo
1196 306 1420 360 quantum
1458 302 1598 347 unius
1628 314 1793 347 manus

198 380 355 426 pugno
394 367 530 428 pleno
569 371 779 429 potueris
818 368 1236 430 comprehendere,
1273 369 1523 416 dummodo
1560 371 1695 431 inpar
1733 371 1794 416 sit

200 450 426 483 numerus
448 437 712 499 pilularum,
744 440 793 484 in
824 440 1100 485 mortarium
1127 440 1284 485 mittes
1309 445 1447 500 atque
1471 439 1642 486 adicies
1665 441 1793 500 pipe-

200 507 265 552 ris
295 520 437 567 grana
462 506 585 552 XXV
616 507 969 568 diligentissime
994 510 1116 570 trita,
1149 514 1260 555 tunc
1284 508 1426 555 addes
1449 508 1598 555 mellis
1630 510 1795 570 optimi
1815 521 1836 553 5

198 574 430 622 heminam
469 583 516 623 et
553 578 648 623 vini
685 579 923 624 veterrimi
960 579 1124 639 optimi
1161 576 1209 624 8
1240 577 1281 624 II
1326 585 1372 624 et
1409 579 1624 624 contritis
1661 580 1793 639 prius

199 645 358 705 pilulis
397 648 614 692 universa
653 647 872 694 miscebis
911 653 956 693 et
994 662 1193 708 repones
1231 649 1278 694 in
1316 647 1503 694 vasculo
1542 649 1704 710 vitreo,
1743 654 1793 695 ut

202 729 310 761 cum
355 715 498 762 fuerit
542 731 659 777 opus
704 724 918 777 paratum
956 717 1125 763 habeas
1163 717 1552 764 medicamentum
1591 718 1647 763 ad
1686 717 1792 764 sub-

199 785 499 848 veniendum3
545 786 625 832 sed
673 793 724 833 ut
768 788 915 833 maior
959 789 1020 833 sit
1059 787 1376 833 medicaminis
1414 787 1638 848 efficacia,
1683 787 1790 834 luna

198 856 394 915 septima
433 856 611 902 decima
648 855 761 902 illud
799 857 950 903 facere
982 856 1175 903 debebis
1206 864 1253 903 et
1283 871 1390 903 cum
1421 857 1614 903 daturus
1646 857 1791 903 fueris
1815 868 1854 899 10

197 925 472 987 remedium,
510 940 535 971 a
569 925 642 972 die
674 926 794 972 Iovis
826 928 979 986 incipe
1011 932 1058 972 et
1088 941 1172 987 per
1203 926 1301 972 dies
1333 932 1511 987 septem
1543 928 1790 973 continuos

198 992 318 1055 dat0,
356 995 417 1040 ita
458 1001 507 1041 ut
547 997 627 1056 qui
665 996 993 1042 remediandus
1032 1003 1103 1042 est
1141 1003 1267 1042 stans
1302 997 1350 1042 in
1389 995 1589 1042 scabello
1628 1002 1789 1043 contra

198 1064 425 1109 orientem
466 1064 604 1110 bibat.
673 1065 799 1119 Quae
838 1067 978 1126 potin,
1018 1067 1058 1111 si
1094 1067 1171 1127 ita,
1209 1072 1261 1111 ut
1299 1067 1526 1125 scriptum
1564 1072 1649 1127 est,
1686 1065 1790 1112 data

197 1138 243 1178 et
280 1132 522 1179 observata
562 1135 716 1195 fuerit,
755 1136 892 1181 etiam
931 1137 970 1180 si
1008 1134 1224 1180 omnibus
1263 1134 1472 1180 articulis
1503 1141 1549 1181 et
1579 1149 1692 1181 coxa
1722 1136 1789 1181 in-

195 1201 358 1248 firmus
382 1209 746 1265 contractusque
770 1204 912 1250 fuerit
935 1212 981 1250 et
1003 1203 1238 1250 inmobilis
1263 1219 1315 1250 ac
1339 1204 1613 1265 desperatus
1637 1206 1788 1251 iacue-
1813 1215 1853 1247 15

195 1272 270 1333 rit,
308 1286 502 1319 necesse
541 1281 626 1335 est,
664 1280 717 1320 ut
753 1275 949 1335 septima
988 1273 1062 1319 die
1101 1273 1317 1320 ambulet.

336 1340 535 1389 Sciatico
567 1343 826 1390 remedium
853 1343 1228 1390 efficacissimum
1253 1345 1341 1390 sic:
1373 1343 1581 1390 Castorei
1604 1358 1786 1390 semun—

195 1411 327 1473 ciam,
365 1412 589 1474 pyrethri,
628 1414 754 1475 nitri,
792 1413 988 1475 euforbi,
1028 1413 1218 1459 adarces
1256 1415 1418 1460 uncias
1449 1413 1667 1475 singulas,
1699 1413 1789 1459 olei

197 1482 379 1541 cyprini
409 1481 594 1545 libram,
634 1497 751 1544 quae
783 1483 1019 1529 tundenda
1051 1490 1190 1529 erunt
1220 1484 1390 1529 siccata
1421 1483 1591 1529 tundes
1623 1489 1668 1528 et
1699 1484 1786 1529 cri-

193 1549 351 1596 brabis
390 1558 436 1598 et
474 1553 541 1598 sic
579 1552 680 1598 oleo
720 1554 911 1613 cyprino
949 1552 1168 1599 miscebis
1207 1560 1251 1599 et
1291 1552 1523 1613 decoques
1560 1559 1698 1613 atque
1732 1567 1786 1598 eo
1812 1563 1853 1594 20

194 1620 502 1667 medicamine
541 1623 608 1668 sic
646 1623 808 1683 uteris,
847 1629 899 1668 ut
937 1624 1178 1668 sciaticum
1216 1623 1445 1668 iacentem
1483 1623 1531 1667 in
1563 1621 1659 1668 sole
1691 1622 1790 1669 diu-

195 1690 375 1736 tissime
414 1691 641 1752 perFrices
678 1693 726 1738 in
765 1706 891 1754 coxa,
931 1706 1069 1753 quam
1107 1691 1248 1751 dolet,
1285 1691 1453 1738 deinde
1485 1691 1541 1737 ad
1572 1691 1790 1738 balneum

197 1758 338 1806 ducas
378 1769 423 1807 et
460 1775 568 1808 cum
606 1761 855 1823 sudaverit,
894 1761 1155 1808 diutissime
1195 1761 1429 1822 conpellas
1468 1763 1516 1807 in
1546 1767 1668 1808 tosta
1699 1761 1787 1808 cal·

193 1828 320 1875 daria
359 1832 648 1878 commorari.
711 1845 714 1847 ·

333 1899 402 1946 Ad
448 1915 670 1947 coxarum
716 1907 763 1947 et
806 1900 1072 1947 lumborum
1119 1900 1302 1947 dolores
1346 1900 1490 1947 herba
1529 1899 1786 1962 chamaepi-
1811 1909 1851 1941 25

192 1974 264 2028 tys
302 1972 501 2016 contrita
540 1985 596 2017 ex
635 1973 738 2016 vino
769 1972 901 2032 potui
932 1970 1035 2017 data
1068 1970 1321 2031 plurimum
1352 1971 1556 2031 prodest.
1614 1969 1787 2017 Cucur-

192 2037 315 2084 bitae
354 2041 531 2086 semine
570 2042 771 2087 contrito
809 2042 858 2086 in
895 2040 1095 2087 ficulneo
1136 2039 1324 2086 vasculo
1369 2040 1547 2086 adiecto
1594 2039 1694 2085 oleo
1741 2046 1787 2086 et

192 2113 323 2153 aceto
370 2123 511 2156 coxae
556 2116 603 2156 et
646 2109 793 2156 lumbi
837 2110 1077 2170 perfricati
1122 2116 1339 2171 potenter
1384 2115 1620 2172 sanantur,
1664 2111 1786 2155 sicut

193 2180 510 2238 experimenta
549 2180 824 2226 docuerunt.

334 2247 536 2310 Serpulli
566 2249 683 2295 aridi
710 2251 896 2295 contusi
927 2255 974 2295 et
1004 2251 1052 2295 in
1082 2249 1321 2310 pulverem
1352 2247 1529 2294 redacti
1553 2247 1783 2309 scripulos
1807 2257 1847 2288 30

191 2322 288 2362 tres
320 2318 499 2365 adiecto
530 2319 713 2365 modico
747 2318 880 2365 melle
911 2320 1142 2379 permisce
1177 2325 1223 2365 et
1261 2333 1316 2364 ex
1353 2332 1407 2364 eo
1446 2324 1542 2363 tres
1573 2317 1785 2378 globulos

191 2386 374 2447 aequali
402 2388 610 2448 pondere
642 2389 779 2434 facito
811 2395 950 2450 atque
982 2403 1038 2435 ex
1062 2389 1134 2434 his
1159 2387 1366 2448 singulos
1391 2401 1496 2433 cum
1521 2387 1659 2433 mulsi
1683 2401 1783 2448 cya-

191 2455 284 2502 this
323 2458 565 2518 tepefactis
602 2458 724 2504 binis
755 2459 911 2504 ieiuno
942 2473 1025 2519 per
1056 2458 1265 2504 triduum
1295 2456 1415 2518 dato,
1446 2456 1785 2503 incredibiliter

190 2524 457 2573 lumborum
488 2527 638 2574 dolori
669 2527 938 2590 medebere,
970 2528 1094 2588 quod
1126 2529 1167 2573 si
1195 2526 1272 2572 illo
1300 2526 1457 2572 triduo
1482 2541 1574 2572 non
1598 2528 1784 2587 penitus

193 2596 273 2654 qui
303 2595 482 2643 laborat
505 2597 648 2644 fuerit
671 2596 926 2660 absolutus,
956 2598 1128 2643 iterum
1150 2610 1235 2657 per
1258 2595 1382 2641 aliud
1408 2595 1614 2642 triduum
1639 2595 1782 2643 dabis.
1806 2603 1846 2635 35

333 2747 383 2784 18
414 2743 614 2797 pirethri.
730 2744 852 2787 niori.
884 2716 887 2719 -
969 2749 1024 2786 30
1055 2742 1279 2798 seripolos.
1398 2748 1449 2785 31
1481 2743 1694 2798 globolos.
