1930 3008
779 106 1230 177 p—27o-

155 231 527 292 124prossuvium
571 247 662 279 non
708 235 925 294 patietur.
992 233 1179 282 Vessica
1225 239 1409 283 verrina
1454 243 1586 284 cocta
1623 238 1694 286 vel
1731 248 1837 288 usta

237 301 523 348 comedenda
547 307 627 349 aut
648 302 850 350 bibenda
874 304 1127 351 efficaciter
1151 304 1288 352 datur
1312 307 1368 368 ei,
1392 308 1472 368 qui
1495 310 1679 356 urinam
1705 324 1836 357 suam

235 385 329 418 non
366 378 522 433 potest
559 375 816 420 continere.

153 450 232 488 125
375 441 572 504 Leporis
611 443 895 490 cerebellum
933 458 987 490 ex
1019 446 1126 490 vino
1157 450 1320 505 potum
1350 448 1513 493 urinae
1543 449 1835 497 incontinen-

234 513 348 558 tiam
384 512 612 575 refrenat3
651 513 863 559 eiusdem
899 513 1107 560 testiculi
1143 515 1386 562 torrefacti
1424 523 1470 563 et
1508 531 1564 563 ex
1597 520 1704 565 vino
1735 522 1833 580 poti
1857 530 1876 560 5

152 590 327 642 126par
357 583 619 629 remedium
651 583 942 630 summeiulis
972 590 1223 645 praestant.
1275 585 1465 647 Ungues
1489 590 1656 648 apruni
1681 592 1834 637 exusti

234 653 428 713 tritique
473 654 521 698 in
558 654 748 714 potione
788 655 963 716 sumpti
1001 654 1254 701 efficaciter
1292 657 1583 703 summeiulis
1620 667 1832 720 prosunt.

151 729 229 767 127
241 721 331 776 Qui
368 724 552 768 urinam
594 728 757 769 tenere
787 738 881 770 non
910 725 1099 787 poterit,
1131 739 1298 786 caprae
1329 728 1556 773 vessicam
1588 729 1832 776 comburat.

149 798 287 838 1⁶28et
324 793 532 838 cinerem
571 794 671 839 eius
710 808 766 839 ex
804 808 923 854 aqua
961 808 1067 840 cum
1099 795 1195 841 vini
1224 797 1412 856 potione
1444 796 1586 844 bibat.
1645 798 1830 846 Verrini

232 862 446 922 genitalis
490 864 586 909 usti
632 864 841 910 cinerem
878 863 1040 911 bibere
1079 864 1251 911 debent
1289 881 1345 912 ex
1382 868 1488 913 vino
1528 869 1610 928 qui
1646 870 1830 916 urinam
1854 882 1893 910 10

148 933 482 979 129continere
519 946 614 979 non
651 939 863 994 possunt.
915 934 968 980 In
1006 933 1150 981 cubili
1188 937 1315 982 canis
1346 938 1530 983 urinam
1561 937 1712 1001 faciat,
1751 941 1830 1000 qui

229 1003 415 1048 urinam
451 1016 545 1048 non
583 1009 740 1063 potest
778 1005 1040 1066 continere,
1086 1004 1324 1068 dicatque,
1363 1006 1474 1053 dum
1511 1007 1642 1069 facit,
1684 1023 1742 1055 ne
1780 1011 1829 1056 in

230 1071 375 1118 cubili
413 1086 498 1118 suo
536 1074 721 1119 urinam
758 1079 812 1119 ut
849 1075 977 1120 canis
1016 1074 1167 1121 faciat.

146 1149 226 1187 130
370 1141 542 1189 Urinae
571 1144 790 1203 propriae
823 1149 1252 1205 quantumcumque
1283 1146 1516 1206 ignoranti
1551 1148 1827 1195 summeiulo

229 1211 483 1258 efficaciter
527 1212 723 1259 offertur
766 1213 839 1259 vel
883 1227 981 1275 res,
1028 1228 1143 1275 quas
1181 1216 1514 1279 conminxerit,
1551 1218 1599 1262 in
1640 1220 1827 1280 potione
1851 1229 1892 1260 15

227 1283 556 1342 exprimuntur
601 1289 681 1329 aut
725 1282 900 1329 ibidem
946 1283 1192 1330 diluuntur
1239 1290 1285 1331 et
1330 1286 1394 1331 ita
1443 1287 1486 1332 ei
1534 1287 1682 1334 inscio
1728 1289 1827 1350 ipsa

224 1353 352 1413 potio
391 1354 682 1412 propinatur.

142 1430 220 1467 131
365 1421 547 1468 Vitrum
586 1429 712 1469 teres
750 1422 999 1484 diligenter
1044 1430 1090 1470 et
1127 1439 1232 1471 cum
1270 1427 1375 1486 pice
1413 1426 1570 1472 cedria
1607 1428 1825 1475 miscebis

223 1498 363 1552 atque
393 1493 458 1538 ita
489 1491 697 1539 chartam
727 1494 955 1554 virginem
986 1493 1155 1540 inlines
1190 1500 1236 1540 et
1266 1495 1459 1542 renibus
1483 1496 1701 1561 adpones,
1733 1513 1825 1560 quo

221 1561 529 1608 medicamine
560 1562 725 1608 diebus
758 1569 938 1624 septem
967 1564 1141 1624 iugiter
1171 1579 1286 1611 usus
1317 1579 1458 1612 sanus
1489 1567 1687 1614 firmiter
1717 1570 1822 1616 eris.
1847 1578 1888 1609 20

139 1640 218 1678 132
361 1631 430 1677 Ad
467 1631 788 1679 reniculorum
826 1633 1035 1679 dolorem
1066 1633 1349 1697 observabis,
1386 1642 1439 1682 ut
1468 1642 1575 1696 post
1605 1637 1820 1684 balneum

220 1715 410 1763 poscam
449 1701 644 1749 calidam
681 1702 815 1749 bibas
852 1717 938 1764 per
974 1703 1135 1764 plures
1173 1704 1287 1767 dies,
1325 1711 1371 1751 et
1409 1707 1626 1767 quotiens
1663 1707 1821 1754 dolore

220 1771 546 1833 interpellatus
584 1772 744 1836 fueris,
782 1773 907 1819 idem
944 1773 1100 1821 facies.

136 1851 214 1888 133
359 1841 610 1889 Conditum
654 1843 710 1889 ad
754 1842 1075 1890 reniculorum
1120 1843 1327 1890 dolorem
1375 1845 1444 1891 vel
1488 1845 1544 1892 ad
1590 1846 1819 1894 calculum

218 1913 307 1958 sic:
347 1911 612 1974 Saxifragae
653 1938 713 1946 —-
747 1912 789 1976 I,
827 1915 1088 1960 vettonicae
1126 1941 1191 1946 —
1225 1914 1264 1975 I,
1310 1915 1583 1975 petroselini
1619 1942 1687 1949 —
1717 1917 1737 1963 I
1770 1917 1815 1980 S,
1841 1928 1880 1958 25

217 1983 311 2042 apii
349 1984 540 2029 seminis
578 2009 648 2016 ——
678 1982 718 2045 I,
755 1989 888 2030 rutae
926 1985 1118 2030 seminis
1158 1979 1220 2051 79)-
1253 1983 1409 2047 XVIII,
1449 1987 1626 2046 piperis
1663 2013 1732 2019 —-
1762 1987 1816 2050 II,

214 2053 311 2097 vini
356 2054 521 2112 optimi
564 2051 613 2099 ὃ
658 2052 763 2116 XII,
807 2053 958 2100 mellis
1002 2055 1166 2114 optimi
1210 2054 1259 2103 P.
1305 2054 1353 2100 V.
1428 2054 1616 2102 Tundes
1663 2058 1815 2103 omnia

216 2128 355 2182 atque
408 2122 638 2169 cribrahis
700 2130 746 2171 et
797 2123 1057 2186 conditum,
1119 2139 1226 2170 cum
1284 2126 1491 2185 exegerit
1542 2128 1813 2187 necessitas,

214 2191 358 2238 facies
403 2206 573 2253 eoque,
618 2192 701 2240 ubi
745 2193 1064 2240 reniculorum
1109 2193 1242 2240 dolor
1281 2200 1361 2240 aut
1397 2193 1608 2241 molestia
1647 2195 1813 2243 calculi

216 2260 370 2323 fuerit,
407 2264 570 2309 uteris.
1836 2276 1875 2306 30

130 2340 211 2378 134
356 2331 642 2393 Saxifragam
672 2332 879 2395 herbam,
909 2334 1235 2394 petrosilinum
1264 2333 1628 2397 Macedonicum,
1662 2337 1809 2398 piper,

210 2400 323 2465 mel,
360 2403 541 2449 vinum:
580 2417 636 2449 ex
673 2402 746 2449 his
785 2403 1002 2451 omnihus
1041 2404 1279 2451 conditum
1316 2404 1459 2449 facies
1497 2410 1544 2450 et
1580 2403 1809 2452 laboranti

212 2470 444 2518 calculoso
476 2487 561 2534 per
592 2472 798 2534 singulas
829 2476 1110 2534 septimanas
1141 2475 1377 2535 potionem
1406 2473 1527 2519 Iovis
1559 2474 1633 2520 die
1662 2475 1806 2522 dabis.

211 2540 508 2588 Conficienda
545 2548 702 2589 autem
738 2545 865 2604 potio
904 2543 978 2590 die
1014 2543 1134 2589 Iovis
1171 2543 1280 2589 luna
1315 2548 1471 2590 vetere
1510 2547 1611 2591 erit.

350 2709 374 2746 8
406 2706 651 2748 cumburat.
819 2711 870 2749 18
902 2705 1066 2760 cedria]
1097 2705 1233 2747 ebria.
1393 2710 1445 2747 23
1476 2706 1612 2762 idem]
1644 2707 1690 2750 id
1721 2709 1801 2750 est.

207 2762 260 2800 29
292 2759 386 2814 ubi]
417 2760 492 2803 ibi.
609 2768 662 2805 30
692 2761 839 2804 uterit.
955 2766 1007 2803 33
1038 2760 1260 2815 septimas.
