1930 3008
848 109 1082 160 —298
1163 140 1221 146 —

151 253 204 291 38
235 251 378 298 super
414 235 688 284 umbilicum
725 236 979 284 laborantis
1016 237 1209 299 adpone.
1267 237 1411 285 Bacas
1441 238 1561 286 lauri
1590 246 1686 286 tres
1717 253 1826 286 cum

234 306 406 353 herbae
444 308 604 353 vincae
643 306 922 353 cocliaribus
959 307 1112 354 tribus
1148 308 1325 369 pariter
1355 309 1614 355 contundes
1652 315 1699 355 et
1729 307 1823 355 adi-

234 378 330 423 cies
367 377 464 422 vini
499 376 638 423 calidi
675 377 852 438 cyathis
889 375 1042 423 tribus
1080 383 1127 423 et
1164 377 1366 424 colatum
1402 377 1656 425 bibendum
1694 377 1826 425 dabis

149 461 202 499 39
234 448 298 509 ei,
344 447 425 507 qui
461 447 639 492 ventris
676 446 835 492 dolore
875 445 1129 493 vexabitur.
1197 446 1406 507 Corrigia
1443 449 1606 494 canina
1642 447 1825 495 medius

234 517 448 577 cingatur
486 517 567 576 qui
603 515 779 562 dolebit
815 521 1039 578 ventrem,
1077 517 1231 563 statim
1268 516 1615 564 remediabitur.
1846 532 1868 564 5

149 600 204 637 40
374 585 544 632 Contra
589 586 766 632 ventris
810 584 1019 631 dolorem
1069 587 1352 647 argimoniae
1405 586 1577 633 herbae
1621 585 1828 633 radicem

233 654 338 716 palo
375 654 528 715 ligneo
560 654 747 701 effodito
780 669 975 716 eamque
1005 656 1163 702 tritam
1194 670 1250 701 ex
1279 670 1398 717 aqua
1429 655 1675 702 bibendam
1706 655 1827 702 dato,

148 739 201 776 41
233 724 476 786 Lychnum
513 724 754 770 ardentem
791 723 1011 771 umbilico
1049 739 1314 786 superpone
1352 731 1399 772 et
1429 725 1631 787 desuper
1662 738 1828 772 cucur-

232 794 377 841 bitam
407 793 730 840 medicinalem
759 800 840 841 aut
869 794 1060 841 calicem
1091 794 1356 857 oblongum,
1387 796 1427 841 si
1457 795 1702 842 cucurbita
1732 809 1827 841 non

233 864 389 925 fuerit,
427 864 668 910 admoveto
707 870 753 910 et
781 863 1019 924 paulisper
1050 866 1302 926 contineto‚
1340 864 1585 911 confestim
1618 864 1826 911 dolorem
1849 879 1891 910 1o

148 948 202 985 42
233 934 409 980 ventris
440 939 635 979 avertes.
686 932 901 979 Puleium
932 934 1365 980 commanducatum
1397 940 1443 980 et
1473 934 1528 981 ad
1554 933 1828 980 umbilicum

231 1004 436 1065 positum
482 1008 622 1064 atque
666 1002 759 1049 illic
801 1002 1056 1065 alligatum,
1101 1018 1159 1049 ne
1198 1003 1351 1066 cadat,
1397 1003 1604 1050 dolorem
1642 1017 1828 1050 omnem

148 1087 201 1124 43
233 1074 409 1119 ventris
454 1074 677 1119 continuo
723 1071 928 1119 discutit.
993 1071 1164 1118 Anethi
1209 1074 1400 1119 seminis
1440 1073 1679 1134 paululum
1718 1087 1826 1119 con-

148 1157 203 1194 44
234 1144 398 1189 tritum
436 1156 492 1187 ex
530 1156 650 1202 aqua
686 1147 849 1202 potum
886 1143 1096 1188 internos
1127 1144 1303 1188 ventris
1334 1142 1465 1189 sedat
1495 1142 1691 1188 dolores.
1747 1141 1824 1188 Ni-

233 1218 360 1258 trum
397 1212 518 1258 aceti
554 1210 731 1273 cyathis
769 1210 952 1257 duobus
989 1210 1292 1271 liquefactum
1333 1218 1380 1258 et
1416 1218 1579 1272 potum
1617 1211 1825 1258 dolorem
1848 1226 1888 1258 15

231 1282 564 1328 intestinorum
602 1286 819 1342 potenter
855 1281 1035 1327 avertit.

148 1364 202 1402 45
374 1350 601 1405 Quotiens
632 1349 764 1396 dolor
794 1356 841 1397 et
870 1351 1127 1397 contractio
1151 1351 1483 1396 intestinorum
1506 1352 1684 1397 ventris
1708 1351 1827 1397 orie·

232 1427 331 1483 tur,
375 1420 721 1481 vespertilionis
759 1421 984 1481 sanguine
1022 1426 1184 1467 ventre
1222 1434 1362 1466 manu
1398 1420 1647 1481 perfricato
1686 1426 1733 1466 et
1769 1419 1827 1466 ad

147 1504 201 1542 46
231 1504 456 1551 praesens
494 1489 742 1536 subvenies
781 1495 828 1536 et
864 1491 914 1535 in
943 1495 1093 1536 totum
1125 1504 1298 1536 annum
1329 1489 1589 1536 medebere.
1644 1489 1827 1551 Piperis

232 1574 375 1620 grana
411 1558 581 1605 LXXX
625 1560 826 1606 contrita
871 1565 918 1606 et
962 1573 1018 1605 ex
1059 1573 1177 1619 aqua
1213 1566 1322 1619 pota
1358 1561 1476 1605 mire
1514 1559 1683 1606 tollunt
1720 1573 1824 1606 ven·
1849 1573 1892 1604 20

148 1641 202 1678 47
232 1631 320 1677 tris
365 1629 586 1675 dolorem.
662 1629 712 1675 Si
756 1630 834 1675 cui
877 1630 926 1674 in
971 1630 1042 1675 via
1086 1634 1164 1674 aut
1209 1629 1256 1674 in
1299 1628 1401 1675 loco
1446 1628 1600 1690 aliquo
1649 1628 1829 1675 difficili

233 1698 419 1746 subitus
465 1698 597 1745 dolor
641 1699 818 1745 ventris
863 1704 944 1745 aut
986 1699 1317 1745 intestinorum
1362 1698 1524 1760 fuerit,
1575 1698 1687 1744 lotio
1741 1712 1826 1744 suo

148 1781 201 1818 48
233 1769 477 1829 degustato
516 1769 737 1815 continuo
769 1767 1020 1814 sanabitur.
1074 1766 1122 1813 Si
1153 1769 1257 1828 quis
1288 1767 1431 1814 talum
1460 1767 1635 1828 leporis
1665 1781 1827 1814 secum

232 1838 470 1901 habuerit,
514 1839 720 1884 inmunis
758 1853 783 1884 a
821 1837 979 1883 dolore
1017 1838 1192 1883 ventris
1230 1842 1276 1883 et
1312 1836 1522 1898 periculo
1559 1837 1828 1884 huiusmodi

232 1914 460 1969 perpetuo
498 1907 804 1968 permanebit.
1848 1919 1890 1950 25

149 1989 202 2027 49
372 1978 441 2023 Ad
480 1979 700 2023 intestina
731 1982 868 2038 rupta
898 1975 1162 2037 leporinum
1193 1981 1376 2022 stercus
1407 1981 1544 2037 atque
1575 1977 1715 2022 etiam
1743 1975 1827 2037 pili

234 2047 307 2094 vel
342 2047 446 2093 lana
483 2048 584 2093 eius
622 2047 678 2092 de
714 2045 991 2093 subventrili
1026 2060 1132 2092 cum
1172 2045 1306 2091 melle
1338 2045 1528 2091 decocta
1565 2045 1621 2091 ad
1651 2047 1826 2106 magni·

233 2116 443 2164 tudinem
481 2116 612 2162 fabae
649 2115 906 2177 gluttienda
951 2115 1224 2176 frequenter
1269 2114 1373 2161 data
1418 2115 1626 2175 quamvis
1668 2115 1825 2175 perni-

234 2188 359 2233 ciose
389 2187 542 2247 ruptis
572 2188 806 2232 intestinis
838 2185 1055 2232 celeriter
1086 2184 1313 2246 medetur,
1347 2186 1410 2230 ita
1441 2190 1492 2230 ut
1522 2185 1661 2230 etiam
1691 2189 1824 2230 tenu·

232 2258 354 2314 iora,
408 2270 525 2317 quae
579 2256 757 2302 fuerint
808 2255 1041 2317 disrupta,
1093 2253 1311 2316 glutinet,
1363 2253 1444 2299 sed
1492 2252 1683 2299 adsidue
1734 2253 1823 2300 hoc
1846 2267 1888 2298 30

232 2326 539 2372 medicamine
578 2325 805 2371 utendum
843 2330 927 2386 est,
966 2324 1113 2370 donec
1150 2322 1411 2384 periculum
1448 2336 1583 2368 omne
1620 2321 1824 2369 tollatur.

150 2407 204 2445 50
374 2394 452 2441 Ad
497 2394 679 2441 colum
723 2396 924 2440 mirum
969 2393 1289 2440 remedium.
1363 2391 1472 2438 Colo
1517 2398 1563 2437 et
1607 2391 1825 2438 omnibus

233 2466 564 2511 intestinorum
609 2463 847 2510 doloribus
893 2469 940 2510 et
982 2469 1076 2510 tam
1120 2460 1387 2508 hominibus
1428 2475 1566 2522 quam
1603 2462 1825 2508 iumentis

235 2549 290 2581 ex
326 2534 413 2581 hac
450 2549 502 2580 re
537 2533 858 2580 laborantibus
897 2533 1216 2579 efficacissime
1247 2530 1463 2577 subvenit
1492 2531 1589 2577 avis
1619 2530 1825 2594 galerita,

377 2645 399 2682 7
430 2639 637 2681 bibenda.
741 2643 790 2680 11
821 2638 1014 2693 poleium
1044 2636 1467 2679 cummanducatum.
1567 2639 1619 2678 18
1649 2648 1825 2690 vesper-

233 2694 435 2738 tillionis.
532 2700 582 2737 19
614 2694 803 2737 medere.
897 2698 950 2736 27
982 2691 1300 2747 magnitudine.
1388 2695 1439 2733 32
1473 2691 1579 2735 Colo
1611 2693 1657 2735 et
1686 2691 1826 2734 omni-

233 2750 334 2806 bus]
365 2751 488 2793 Hinc
516 2751 674 2805 incipit
703 2751 823 2805 apud
853 2749 1110 2792 Gornarium
1140 2760 1231 2801 cap.
1262 2746 1482 2790 XXVIIII.
