1898 3016
781 32 1219 125 —218—‘

87 211 165 249 138
312 201 483 248 Sabuci
518 201 638 248 liber
674 203 797 248 inter
836 203 1060 249 corticem
1095 208 1141 249 et
1171 202 1414 250 surculum
1443 217 1578 249 rasus
1609 209 1656 250 et
1684 204 1767 250 tri-

169 277 245 318 tus
291 278 430 333 atque
475 272 531 318 ad
576 274 711 318 nucis
756 271 989 333 iuglandis
1034 272 1400 333 magnitudinem
1445 287 1502 319 ex
1539 287 1658 334 aqua
1695 271 1768 318 vel

168 341 320 388 mulso
356 346 498 402 potus
537 343 655 388 miro
693 342 831 388 modo
869 341 1072 388 detrahit
1109 341 1248 388 bilem
1288 357 1340 388 ac
1375 342 1665 390 stomachum
1695 357 1767 388 re-

87 411 310 458 139levat.
363 410 632 458 Vettonicae
669 411 842 458 herbae
881 411 989 458 folia
1025 413 1073 458 in
1104 411 1270 458 umbra
1300 412 1500 459 arefacta
1530 412 1766 459 contunde

172 487 217 527 et
256 481 401 528 cribla
439 487 578 542 atque
618 496 674 527 ex
712 496 766 527 eo
804 481 997 542 pulvere
1034 481 1275 542 paululum
1313 487 1360 528 et
1396 481 1546 528 mellis
1586 482 1811 529 decoctis

172 552 389 613 cyathum
426 566 572 598 unum
610 552 843 612 permisce
874 557 1012 612 atque
1042 551 1150 598 inde
1181 558 1288 612 post
1318 566 1480 599 cenam
1511 552 1566 598 ad
1597 553 1770 613 magni-

171 621 381 668 tudinem
407 622 574 667 ciceris
597 620 1042 681 transgluttiendum
1067 620 1197 667 dabis
1222 623 1277 684 ei,
1302 623 1385 683 qui
1407 621 1563 668 cibum
1587 622 1771 683 evomit,

91 693 337 739 140statim
382 696 538 752 potest
584 692 842 741 continere,
914 691 1134 738 Radicem
1174 691 1421 738 ficulneam
1466 693 1563 738 vini
1598 692 1771 738 veteris

172 761 336 822 cyatho
381 775 474 807 uno
519 761 682 808 inrade
728 767 774 807 et
817 762 1090 822 priusquam
1137 775 1277 808 cenes
1321 761 1394 808 vel
1431 761 1642 808 cubitum
1680 775 1772 824 eas,

92 830 343 893 141hibito,
383 832 423 876 si
460 832 572 876 vitio
611 830 839 877 stomachi
875 830 1121 877 laborabis.
1180 831 1366 878 Laseris
1399 833 1498 877 veri
1535 831 1770 878 modicum
1795 845 1835 876 10

176 915 232 947 ex
263 915 409 961 aquae
441 901 635 961 frigidae
667 900 846 962 cyathis
871 907 1090 961 quattuor
1114 901 1238 948 dilue
1264 908 1309 948 et
1332 901 1585 947 dormitum
1616 902 1771 947 iturus

173 970 295 1034 bibe,
333 978 385 1017 ut
422 970 580 1016 cibum
617 970 736 1017 bene
774 985 1053 1034 concoquas,
1090 977 1169 1018 aut
1206 972 1307 1018 eius
1344 971 1550 1017 radicem
1587 976 1771 1031 gustato

90 1040 433 1087 142dormitum
474 1040 665 1103 vadens,
703 1040 826 1086 idem
868 1040 955 1087 tibi
990 1040 1258 1102 praestabit.
1331 1039 1503 1087 Rorem
1539 1042 1773 1086 marinum

172 1111 360 1156 ieiunus
405 1110 762 1156 commanducet
806 1116 885 1156 aut
928 1112 977 1156 in
1023 1125 1140 1171 aqua
1179 1110 1324 1156 calida
1363 1117 1607 1157 excoctum
1644 1109 1774 1156 hibat

174 1181 255 1240 qui
292 1179 572 1226 cruditatem
608 1181 826 1242 patietur,
866 1182 1021 1227 statim
1060 1179 1409 1226 remediabitur.
1795 1191 1836 1224 15

92 1259 171 1296 143
316 1250 585 1310 Conpositio
623 1251 828 1310 potionis
859 1250 914 1296 ad
950 1250 1158 1296 dolorem
1189 1249 1417 1296 stomachi
1447 1251 1543 1296 sive
1574 1249 1630 1296 ad
1661 1263 1773 1296 nau-

175 1334 298 1366 seam
337 1319 683 1380 reprimendam
724 1321 811 1367 sic:
855 1319 1038 1366 Herbae
1076 1320 1430 1383 mandragorae,
1469 1334 1586 1380 quae
1624 1321 1774 1366 nasci-

173 1396 252 1436 tur
296 1390 346 1435 in
381 1388 497 1435 locis
538 1391 791 1451 montanis,
838 1404 980 1436 sucus
1018 1404 1269 1451 expressus
1307 1391 1362 1436 ad
1400 1390 1624 1451 ponderis
1662 1391 1774 1435 scri-

173 1459 336 1520 pulum
383 1459 628 1505 dimidium
665 1465 947 1521 potatusque
985 1475 1040 1506 ex
1079 1474 1197 1520 aqua
1235 1460 1380 1506 calida
1418 1460 1490 1507 vel
1528 1474 1584 1505 ex
1624 1459 1774 1506 mulsa

173 1544 394 1576 nauseam
433 1528 634 1591 expellit,
673 1528 1004 1575 abundantiam
1041 1529 1318 1590 phlegmatis
1347 1536 1518 1590 purgat
1547 1530 1771 1590 sedatque
1797 1544 1837 1576 20

174 1599 382 1645 dolorem
422 1598 651 1645 stomachi
694 1606 740 1645 et
778 1599 1015 1646 fastidium
1060 1599 1274 1662 discutit3
1319 1600 1440 1646 ultra
1483 1600 1573 1646 hoc
1617 1606 1773 1646 autem

173 1669 358 1730 pondus
390 1683 448 1714 ne
479 1669 679 1731 dederis,
711 1670 819 1730 quia
851 1668 1025 1716 nullius
1056 1670 1324 1716 stomachus
1355 1671 1446 1716 vim
1475 1671 1576 1716 eius
1599 1670 1774 1730 poterit

90 1741 431 1786 144sustinere.
492 1738 707 1785 Puleium
745 1754 850 1785 cum
890 1739 1090 1799 oxymeli
1126 1739 1374 1786 decoctum
1410 1739 1465 1786 ad
1504 1753 1774 1785 mensuram

174 1809 388 1855 heminae
424 1808 711 1869 tepefactum
741 1810 899 1856 ieiuno
931 1815 977 1855 et
1008 1809 1187 1870 digesto
1219 1809 1349 1856 dabis
1379 1809 1650 1866 bibendum,
1679 1823 1773 1855 non

175 1879 324 1926 solum
363 1878 656 1925 stomachum
692 1879 899 1942 reficies,
945 1879 1025 1925 sed
1065 1881 1203 1926 etiam
1241 1882 1280 1926 si
1318 1881 1442 1926 circa
1479 1893 1560 1926 cor
1598 1878 1772 1940 aliquid
1796 1893 1838 1925 25

175 1951 265 1995 erit
302 1950 416 2011 vitii,
454 1948 614 1994 eadem
652 1950 839 2010 potione
878 1949 1131 1996 sanabitur.

92 2028 170 2065 145
314 2019 381 2064 Ad
415 2018 706 2065 stomachum
737 2019 1110 2080 componendum
1143 2020 1290 2066 uteris
1321 2018 1529 2065 remedio
1558 2018 1638 2065 tali
1661 2019 1774 2064 satis

176 2088 441 2135 commodo:
479 2087 668 2151 Butam,
707 2090 884 2151 apium,
922 2089 1158 2150 anethum,
1197 2090 1432 2150 cyminum
1470 2089 1631 2149 aequis
1668 2102 1775 2148 por-

178 2158 384 2205 tionibus
423 2172 597 2218 coques
635 2173 744 2205 cum
780 2161 875 2205 vini
912 2161 1084 2206 veteris
1122 2160 1336 2205 sextariis
1374 2157 1570 2220 duobus,
1611 2164 1775 2218 postea

177 2228 318 2275 addes
349 2228 440 2274 olei
470 2229 615 2274 amari
645 2226 693 2274 8
718 2228 737 2274 Ι
775 2235 821 2275 et
850 2230 1023 2275 iterum
1055 2243 1229 2290 coques
1259 2228 1330 2274 vel
1359 2227 1642 2288 aliquamdiu
1667 2242 1774 2274 con·
1797 2241 1839 2272 30

176 2297 346 2344 bullire
376 2298 621 2358 permittes
653 2304 791 2359 atque
823 2299 930 2345 inde
956 2313 1063 2346 cum
1087 2305 1340 2359 utcumque
1365 2297 1584 2343 residerit
1607 2297 1775 2360 fervor,

177 2382 262 2428 per
306 2367 545 2429 globulum
591 2367 722 2414 lanae
767 2369 954 2415 sucidae
1001 2368 1238 2415 stomacho
1284 2367 1407 2427 quod
1456 2367 1658 2413 sufficiat
1705 2368 1774 2413 in-

177 2437 359 2500 fundes,
390 2439 455 2484 ita
487 2443 537 2484 ut
566 2443 728 2499 postea
760 2438 934 2485 densus
963 2438 1094 2484 lanae
1117 2437 1292 2484 floccus
1316 2451 1457 2497 supra
1482 2436 1774 2483 stomachum

318 2562 342 2598 2
373 2558 516 2609 adque
555 2558 634 2611 (sic
671 2563 720 2600 ut
756 2559 1018 2611 saepissime)
1053 2557 1123 2599 ad.
1240 2562 1264 2599 8
1295 2562 1397 2610 post
1434 2557 1585 2598 statim
1613 2569 1774 2599 rasura

177 2616 250 2654 est.
381 2618 403 2654 9
436 2613 512 2654 uni
544 2613 797 2656 Gornarius.
923 2618 974 2654 10
1003 2613 1116 2668 veri]
1152 2612 1252 2655 vivi.
1379 2617 1429 2654 12
1460 2615 1538 2654 aut
1567 2613 1660 2654 eius
1691 2625 1774 2655 om.

177 2672 231 2709 20
260 2667 611 2711 habundantiam
647 2668 930 2722 phleumatis.
1026 2673 1079 2710 23
1104 2667 1284 2709 oximeli
1306 2668 1489 2710 decocti.
1573 2672 1628 2709 24
1650 2669 1774 2721 tepe-

176 2723 335 2765 factae.
452 2728 502 2765 31
534 2724 752 2766 resederit
783 2725 1036 2767 Cornarius.
1152 2723 1310 2766 ferbor.
