1898 3016
796 145 1176 196 —210-

181 270 391 318 libanum
423 272 598 318 semote
629 272 923 319 tundendum
958 279 1005 320 et
1039 274 1355 338 cribrandum,
1390 281 1547 322 storax
1578 277 1683 323 vino
1714 279 1782 324 in-

182 341 451 388 fundendus
497 347 543 388 et
587 342 788 404 reliqua,
835 357 952 404 quae
998 344 1278 390 remittenda
1324 351 1453 406 sunt,
1503 345 1628 392 lento
1675 348 1783 408 igne

182 410 403 458 solvenda
434 417 481 458 et
510 418 612 458 tum
642 411 782 458 simul
813 414 964 458 omnia
997 414 1334 474 permiscenda.
1393 414 1524 469 Quod
1550 416 1782 477 epithema

181 481 398 528 similiter
429 481 573 528 linteo
605 488 685 528 aut
714 481 962 542 phoenicio
993 482 1311 530 inducendum
1342 489 1389 530 et
1419 486 1486 531 sic
1517 485 1572 531 ad
1603 488 1782 533 viscera

181 551 511 612 adponendum
542 557 587 598 et
617 553 666 597 in
699 551 864 597 horam
887 552 1086 616 prandii,
1118 556 1158 599 si
1187 568 1280 600 non
1305 554 1579 618 fatigaverit,
1609 555 1781 602 haben·
1803 570 1825 602 5

181 620 308 684 dum,
345 622 409 667 ita
446 627 618 683 tamen,
655 626 709 667 ut
746 621 941 668 adverso
979 629 1170 683 pectore
1209 623 1460 671 cuiuslibet
1489 627 1626 686 pueri
1656 631 1782 687 tepe-

179 691 355 737 factum
391 696 606 751 ponatur.

92 769 176 807 105
319 759 471 807 Intiba
509 761 700 807 decocta
738 762 787 807 in
825 760 930 807 cibo
972 770 1155 824 sumpta
1201 769 1280 809 aut
1317 778 1480 810 eorum
1518 778 1636 825 aqua
1673 772 1782 825 pota

96 830 481 878 106stomachum
519 837 734 892 purgant.
807 830 1011 879 Herbam
1056 834 1336 879 vettonicam
1372 847 1533 880 mense
1571 834 1780 896 Augusto

178 900 348 947 lectam
386 915 494 947 cum
533 902 711 947 semine
750 907 796 947 et
833 901 1069 949 radicibus
1109 904 1220 966 suis,
1259 903 1340 949 sed
1379 905 1478 949 sine
1516 904 1641 950 ferro
1676 919 1780 950 eru·
1805 919 1846 949 10

178 976 273 1017 tam
317 970 567 1017 arefactam
613 970 860 1031 diligenter
898 978 944 1018 et
981 986 1245 1034 excussam,
1289 987 1348 1019 ne
1388 979 1562 1020 terram
1599 973 1781 1036 habeat,

178 1039 442 1087 contundes
481 1046 528 1086 et
565 1040 786 1087 criblabis
826 1055 879 1087 ac
916 1041 1122 1103 pulveris
1160 1044 1261 1088 eius
1295 1044 1558 1090 tenuissimi
1589 1044 1779 1105 cyathos

178 1109 297 1157 duos
335 1124 443 1156 cum
481 1124 628 1170 aquae
667 1111 883 1157 sextariis
922 1125 1002 1157 sex
1039 1113 1088 1157 in
1127 1111 1214 1157 olla
1251 1127 1367 1159 nova
1405 1113 1461 1158 ad
1498 1115 1662 1159 tertias
1701 1114 1778 1159 de-

178 1194 354 1240 coques
392 1179 622 1240 ollamque
660 1181 809 1240 ipsam
847 1186 1058 1241 opertam
1098 1180 1185 1227 sub
1221 1181 1325 1228 divo
1356 1184 1609 1243 repositam
1638 1182 1778 1229 habe-

175 1248 271 1312 bis;
324 1263 381 1295 ex
434 1263 524 1310 qua
570 1251 611 1295 si
656 1250 840 1311 quando
887 1250 1115 1297 stomachi
1160 1251 1352 1298 ardores
1404 1252 1778 1316 concitabuntur,
1801 1266 1843 1299 15

179 1318 407 1366 coclearia
439 1319 531 1365 duo
563 1325 643 1366 aut
673 1321 763 1366 tria
794 1319 1024 1367 laboranti
1054 1320 1310 1381 gluttienda
1342 1321 1487 1383 dabis,
1521 1324 1639 1369 mire
1671 1322 1777 1369 sub-

95 1390 359 1436 107venies.
422 1387 606 1436 Herbae
644 1391 905 1436 vettonicae
943 1390 1238 1453 fasciculum,
1284 1391 1456 1438 herbae
1492 1400 1687 1453 nepetae
1725 1407 1778 1439 ac

177 1458 304 1521 pulei
341 1458 545 1520 virgulas
584 1459 789 1521 singulas
827 1465 874 1506 et
912 1460 1021 1507 salis
1058 1461 1298 1522 paululum
1338 1476 1445 1508 cum
1479 1463 1576 1508 vini
1605 1464 1777 1509 veteris

172 1528 376 1576 heminis
423 1528 577 1575 trihus
621 1531 670 1575 in
716 1529 804 1575 olla
845 1530 952 1576 rudi
990 1544 1139 1591 usque
1179 1531 1234 1577 ad
1271 1531 1504 1578 heminam
1543 1531 1777 1594 decoques

175 1605 221 1645 et
266 1600 425 1645 ieiuno
473 1599 757 1646 stomachico
803 1614 938 1646 mane
983 1599 1198 1646 cocliaria
1246 1601 1425 1662 singula
1470 1608 1549 1648 aut
1588 1616 1641 1648 eo
1679 1617 1776 1649 am-
1798 1617 1841 1647 20

171 1667 297 1729 plius
335 1667 480 1715 dabis.

87 1746 170 1785 108
315 1737 543 1792 Quotiens
575 1738 803 1786 stomachi
833 1754 1020 1786 morsus
1051 1741 1227 1786 sentire
1259 1741 1484 1801 coeperis,
1521 1741 1774 1803 glycyrrhi-

171 1821 251 1854 zae
291 1821 456 1854 sucum
496 1808 553 1854 de
592 1809 782 1855 surculo
821 1811 922 1856 eius
960 1809 1132 1856 trahito
1164 1815 1244 1856 aut
1272 1811 1422 1871 ipsam
1453 1810 1539 1857 sub
1569 1810 1774 1871 linguam

173 1877 230 1923 ad
275 1878 645 1938 magnitudinem
690 1879 911 1926 cicerculi
947 1879 1136 1942 habetO,
1176 1894 1263 1926 nec
1302 1879 1509 1926 dolorem
1548 1881 1774 1928 stomachi

89 1955 169 1994 109
181 1961 268 1994 nec
301 1945 434 1994 sitim'
459 1949 647 1995 senties.
700 1948 791 1995 Lac
821 1948 1048 1996 bubulum
1073 1950 1282 2011 tepidum
1306 1951 1541 1996 incoctum
1575 1950 1772 1998 subinde
1796 1965 1836 1996 25

88 2023 422 2078 110sumptum
461 2018 779 2065 exulceratum
818 2033 1004 2080 quoque
1040 2020 1329 2066 stomachum
1361 2020 1553 2067 sanabit.
1606 2020 1771 2067 Coclea

172 2086 317 2133 cruda
356 2087 573 2134 devorata
610 2090 689 2150 ita,
728 2096 779 2135 ut
816 2088 1036 2135 dentibus
1074 2103 1168 2135 non
1209 2094 1439 2151 tangatur,
1480 2090 1771 2137 stomachum

170 2163 317 2215 curat,
349 2163 478 2204 certe
508 2157 821 2222 languentem,
853 2161 891 2205 si
921 2173 1007 2220 per
1035 2159 1242 2206 triduum
1269 2161 1334 2206 sic
1359 2166 1583 2222 sumatur,
1616 2174 1770 2206 emen—

85 2226 267 2274 111dat.
317 2226 521 2291 Cocleas,
552 2228 634 2274 sed
665 2243 797 2275 veras
825 2228 1080 2291 Africanas,
1111 2229 1320 2276 conditas
1351 2243 1407 2275 ex
1439 2229 1532 2275 sale
1563 2236 1610 2275 et
1631 2229 1768 2291 paulo

171 2295 263 2343 olei
294 2305 464 2361 coctas,
496 2298 578 2344 sed
609 2312 702 2344 non
732 2305 954 2360 purgatas
986 2301 1067 2360 qui
1097 2300 1282 2345 ieiunus
1312 2304 1470 2345 ternas
1495 2304 1574 2345 aut
1598 2301 1763 2360 quinas
1789 2315 1830 2345 30

169 2366 360 2413 cottidie
400 2373 446 2413 et
477 2367 750 2429 frequenter
781 2371 1050 2432 sumpserit,
1080 2370 1318 2415 rarissimo
1350 2369 1577 2415 stomachi
1608 2369 1765 2416 dolore

168 2435 431 2500 vexabitur3
464 2444 592 2484 certe
624 2440 665 2484 si
695 2438 977 2486 carbonibus
1008 2445 1156 2485 tostae
1181 2444 1438 2500 sumantur,
1470 2438 1635 2486 melius
1658 2454 1766 2501 pro-

84 2513 164 2551 112
177 2512 299 2554 sunt.
351 2506 401 2552 Si
433 2509 538 2568 quis
570 2510 742 2570 cymini
771 2510 870 2556 triti
901 2523 956 2556 ex
987 2508 1123 2555 melle
1154 2515 1285 2554 terna
1317 2508 1544 2555 coclearia
1574 2509 1765 2556 cottidie

166 2576 353 2622 ieiunus
391 2579 602 2640 accipiat,
641 2579 868 2626 stomachi
904 2578 1063 2625 dolore
1101 2579 1218 2624 mire
1257 2577 1446 2625 carebit.

307 2685 323 2722 1
362 2682 453 2724 vini
483 2683 767 2726 infundenda.
839 2688 866 2725 4
896 2683 1101 2737 phinitio.
1177 2689 1200 2725 9
1231 2685 1405 2738 purgat.
1490 2689 1540 2727 10
1572 2685 1759 2740 erutam]

165 2736 322 2777 erudis.
484 2743 535 2780 18
565 2739 808 2794 paulolum.
967 2744 1019 2781 22
1053 2739 1294 2782 clicerizae.
1439 2746 1493 2782 24
1524 2741 1759 2784 cicericuli.

166 2794 218 2833 25
250 2791 382 2834 sitem
413 2795 559 2836 sentis.
676 2800 728 2837 29
758 2795 998 2849 paulolum.
