1898 3016
77 1009 132 1047 34

77 1847 130 1886 35

77 1989 131 2027 36

79 2478 132 2516 37

778 103 1156 154 —198—

166 230 280 277 haec
326 233 610 294 conpositio,
656 244 763 278 cum
807 231 976 278 habeat
1020 234 1068 278 in
1115 247 1163 278 se
1212 232 1327 278 nihil
1377 235 1516 280 taetri
1566 233 1765 280 medica-

164 302 325 364 menti,
356 301 413 347 ad
443 301 730 348 inflationem
761 302 990 348 stomachi
1014 307 1060 348 et
1084 302 1340 349 cruditates
1363 310 1410 350 et
1432 303 1586 350 acidas
1610 309 1765 350 ructa-

164 372 317 417 tiones
355 376 403 417 et
440 371 497 417 ad
535 373 712 418 ventris
751 372 959 418 dolorem
997 377 1044 418 et
1081 374 1245 419 urinae
1279 373 1602 420 difficultatem
1632 379 1679 420 et
1709 373 1767 420 ad

165 441 386 487 convulsa
422 443 709 488 intrinsecus
744 448 790 488 et
821 447 958 503 rupta
989 443 1143 488 omnia
1174 450 1220 488 et
1250 443 1306 489 ad
1337 442 1579 506 horrores3
1609 449 1766 490 movet

164 512 304 557 etiam
334 518 577 558 menstrua
606 511 872 574 mulierum,
904 527 1011 559 cum
1042 511 1293 559 difficulter
1322 519 1596 573 purgantur.
1649 513 1766 559 Item
1787 526 1808 558 5

164 580 368 627 detrahit
398 583 439 627 si
471 596 560 642 qua
592 596 646 628 ex
678 589 817 642 partu
850 589 929 628 aut
960 582 1131 628 aborsu
1161 584 1448 629 intrinsecus
1471 584 1636 630 nociva
1659 582 1766 629 suh-

164 652 392 712 stiterint3
432 651 569 697 datur
607 653 796 698 omnino
837 654 937 698 sine
972 659 1100 698 metu
1131 658 1178 698 et
1207 654 1378 699 ieiunis
1410 660 1457 699 et
1486 659 1591 699 ante
1623 667 1766 699 cenae

162 728 349 781 tempus
382 726 428 767 et
457 727 565 782 post
595 736 758 768 cenam
789 722 843 768 ad
876 736 1144 769 mensuram
1175 722 1355 768 denarii
1385 724 1525 769 unius
1555 722 1628 769 vel
1654 723 1766 769 duo-

163 805 269 836 rum
307 805 363 836 ex
402 805 548 852 aquae
587 789 765 853 cyathis
803 792 956 838 tribus
1001 799 1047 838 et
1089 793 1129 837 si
1165 792 1271 852 plus
1309 792 1529 853 ponderis
1569 792 1767 854 quilibet

164 862 432 923 sumpserit,
470 875 565 907 non
602 861 826 908 laedetur.
883 862 1163 923 Praegnanti
1194 877 1288 908 non
1326 869 1397 908 est
1434 862 1637 909 dandum
1676 863 1764 909 hoc
1789 877 1830 908 10

161 930 554 977 medicamentum
593 946 680 978 nec
719 931 1018 979 febricitanti.

302 1000 577 1047 Antidotum
621 1001 948 1048 Philonianum
993 1002 1050 1048 ad
1097 1016 1258 1048 omnes
1303 1003 1515 1048 internos
1564 1001 1764 1064 dolores,

163 1070 287 1131 quod
326 1070 382 1116 ad
420 1073 660 1118 tensiones
698 1071 926 1118 stomachi
972 1077 1018 1118 et
1056 1073 1474 1133 empneumatosim
1512 1073 1763 1132 praecipue

161 1139 291 1201 facit,
337 1140 497 1186 colicis
543 1155 729 1202 quoque
775 1142 988 1202 prodest,
1035 1141 1205 1203 quibus
1249 1143 1296 1187 in
1343 1140 1503 1187 dolore
1549 1155 1605 1188 ex
1646 1156 1765 1202 aqua

161 1210 328 1270 frigida
374 1210 531 1273 datur,
577 1212 748 1258 ceteris
795 1225 852 1257 ex
896 1211 1043 1257 calida
1088 1226 1196 1258 cum
1237 1210 1437 1271 oxymeli
1474 1211 1576 1258 dari
1613 1210 1766 1274 debet,
1790 1223 1830 1256 15

160 1285 340 1326 tussem
375 1280 518 1338 sedat,
551 1282 776 1327 tertianas
799 1282 996 1327 mirifice
1021 1281 1141 1328 tollit
1171 1287 1278 1327 ante
1301 1287 1590 1328 momentum
1615 1283 1765 1342 suspi-

163 1351 310 1396 cionis
358 1350 538 1413 datum,
584 1350 802 1397 omnihus
848 1358 1021 1397 autem*
1049 1351 1106 1397 ad
1151 1352 1339 1397 modum
1385 1350 1515 1397 fabae
1561 1351 1765 1397 dandum

162 1421 265 1482 erit,
305 1426 486 1467 constat
517 1435 574 1466 ex
603 1421 701 1467 his:
737 1421 874 1467 Croci
899 1415 959 1488 ,Pa
986 1420 1078 1483 XV,
1109 1421 1322 1483 pyrethri
1353 1422 1653 1483 semunciam,
1685 1435 1765 1467 eu-

162 1489 287 1536 forbi
324 1493 626 1553 semunciam,
662 1493 817 1551 spicae
848 1491 982 1537 nardi
1014 1492 1315 1552 semunciam,
1353 1492 1529 1551 piperis
1560 1491 1652 1537 albi
1681 1505 1765 1537 un-

136 1561 258 1606 ·cias
297 1560 411 1606 duas
450 1562 605 1622 semis,
643 1561 910 1622 hyoscyami
942 1562 1104 1607 uncias
1135 1560 1251 1607 duas
1283 1562 1437 1622 semis,
1476 1562 1571 1621 opii
1595 1555 1656 1627 ῼα
1681 1560 1764 1624 ΙΙΙ;
1788 1575 1830 1606 20

162 1630 327 1676 melior
358 1631 463 1692 erit,
495 1632 535 1676 si
566 1630 706 1676 addas
738 1631 1003 1692 petrosilini
1034 1625 1095 1697 ῼα
1119 1630 1196 1692 III,
1229 1630 1365 1676 dauci
1396 1630 1568 1676 Cretici
1593 1625 1654 1697 ,βα
1679 1630 1764 1693 ΙΙΙ;

163 1699 399 1760 colligitur
437 1700 571 1747 melle
603 1702 758 1748 Attico
797 1707 843 1747 et
879 1702 928 1746 in
967 1715 1075 1747 vaso
1113 1702 1261 1747 vitreo
1301 1699 1386 1747 sub
1422 1700 1660 1761 signaculo
1691 1715 1763 1747 re-

161 1771 367 1830 ponitur.

304 1839 553 1886 Stomacho
599 1840 830 1887 laboranti
867 1840 1050 1888 cocleae
1090 1848 1309 1902 prosunt,
1356 1841 1396 1886 si
1431 1841 1481 1886 in
1518 1854 1637 1901 aqua
1674 1840 1763 1886 fer-

161 1917 299 1956 veant
336 1916 383 1956 et
421 1912 488 1956 sic
527 1910 810 1957 carbonibus
847 1917 1119 1958 torreantur
1156 1917 1294 1971 atque
1333 1911 1398 1956 ita
1436 1924 1492 1956 ex
1531 1924 1762 1971 oenogaro
1785 1925 1827 1957 25

163 1986 409 2026 sumantur
453 1982 869 2041 inpari'numero.
945 1980 1245 2027 Stomachum
1290 1981 1674 2026 reumatizantem
1718 1986 1765 2026 et

162 2050 398 2096 dolentem
437 2055 483 2096 et
519 2050 819 2110 languentem
856 2056 903 2096 et
940 2050 1221 2097 dissolutum
1252 2052 1454 2111 primum
1486 2052 1664 2096 mansio
1694 2050 1762 2096 lu-

162 2120 265 2166 cida
303 2126 349 2166 et
387 2134 480 2166 non
518 2122 715 2167 nimium
752 2120 919 2182 frigida
956 2135 1043 2167 nec
1083 2122 1194 2166 satis
1231 2120 1376 2166 calida
1421 2119 1540 2165 bene
1579 2121 1762 2181 accipit,

161 2196 262 2236 tum
308 2190 587 2250 cataplasma
633 2191 736 2236 fieri
783 2190 921 2236 debet
959 2191 1015 2236 de
1054 2190 1176 2236 foliis
1212 2191 1374 2236 vitium
1413 2188 1486 2235 vel
1523 2190 1564 2235 si
1600 2190 1761 2235 vineae

163 2259 271 2305 folia
314 2275 409 2306 non
453 2260 649 2320 fuerint,
698 2261 754 2306 de
800 2262 997 2307 rumicis
1044 2262 1139 2306 sive
1184 2259 1292 2306 rubi
1336 2258 1458 2305 foliis
1503 2258 1575 2304 vel
1613 2259 1669 2304 de
1708 2273 1762 2305 ea
1784 2273 1826 2304 30

163 2331 430 2376 summitate
461 2330 582 2393 rubi,
622 2345 739 2391 quae
772 2332 884 2376 satis
915 2336 1077 2377 tenera
1107 2335 1191 2376 est.
1243 2328 1341 2375 Hoc
1373 2328 1622 2388 diligenter
1652 2330 1761 2374 teri-

161 2405 241 2445 tur
279 2415 386 2446 cum
424 2400 622 2447 dactulis
662 2402 868 2461 quinque
906 2401 1170 2447 minutatim
1216 2400 1388 2459 carptis
1426 2400 1474 2444 in
1511 2404 1643 2444 aceto
1681 2398 1762 2444 diu

165 2472 423 2516 maceratis.
462 2468 776 2531 Epithematio
801 2476 957 2516 autem
987 2470 1075 2516 hoc
1102 2474 1208 2531 post
1231 2468 1509 2529 cataplasma
1533 2470 1603 2515 uti
1626 2483 1761 2529 opor-

307 2595 326 2630 1
359 2589 405 2630 in
436 2604 480 2632 se
512 2604 589 2632 om.
706 2595 733 2631 4
765 2591 1021 2632 convulsam
1050 2589 1333 2631 intrensecus.
1450 2594 1473 2630 6
1506 2601 1666 2631 auorsu
1694 2589 1760 2630 in-

162 2646 400 2687 trensecus.
531 2651 555 2688 9
589 2647 812 2699 quislibet.
941 2651 990 2687 12
1020 2644 1290 2687 filonianum.
1409 2651 1458 2686 13
1491 2644 1760 2697 empleuma-

162 2701 305 2744 tisem.
425 2706 474 2743 15
507 2702 697 2744 oximeli.
823 2706 873 2743 18
902 2701 1070 2755 pit-etri.
1193 2705 1246 2742 25
1279 2713 1488 2754 ynogaro.
1605 2704 1656 2741 28
1686 2714 1760 2743 ac-

164 2756 294 2812 cepit.
411 2762 462 2798 33
496 2758 791 2812 epithymatio
821 2759 904 2799 hoc
936 2759 1096 2799 autem.
