1898 3016
722 136 1093 186 —173—

105 266 279 314 inulam
318 267 556 326 rusticam,
596 263 783 326 quidam
821 262 944 310 alum
974 262 1201 309 Gallicum
1245 270 1422 323 vocant,
1459 262 1551 308 lota
1587 261 1701 308 haec

106 351 223 397 aqua
254 335 419 395 frigida
452 340 499 381 et
529 348 631 380 rasa
663 332 851 380 cultello
883 332 1091 379 eburneo
1122 331 1194 378 vel
1225 345 1372 378 osseo,
1422 331 1567 378 Datur
1598 346 1700 378 sex-

107 413 209 453 tans
253 404 398 451 librae
444 419 500 450 ex
546 418 598 450 ea
642 411 723 450 aut
766 417 821 449 eo
867 402 1065 463 amplius
1110 401 1181 448 vel
1226 408 1451 463 quantum
1497 403 1702 462 potuerit

107 474 245 522 debet
288 474 569 521 manducare
614 479 662 519 et
705 472 928 519 devorare
974 473 1051 518 cui
1089 483 1206 533 opus
1251 477 1343 533 est3
1387 485 1539 531 neque
1578 473 1703 517 enim

63 560 86 593 5
108 558 260 592 amara
299 550 383 590 est.
433 543 629 604 Oportet
657 549 813 589 autem
844 556 898 588 eo
930 541 1004 588 die
1037 547 1220 588 acetum
1250 554 1344 587 non
1376 547 1545 601 gustet,
1577 540 1701 601 quod

106 614 344 661 interdum
373 628 458 674 per
489 627 539 659 se
570 612 721 659 solum
751 611 995 672 magnifice
1027 610 1146 658 solet
1176 610 1416 674 prodesse,
1446 610 1527 656 sed
1559 609 1700 656 huius

106 683 278 730 radicis
316 683 531 730 effectum
568 681 772 742 resolvit,
811 683 850 727 si
888 695 995 727 cum
1033 695 1084 727 ea
1123 681 1273 726 detur.

244 753 370 800 Bene
402 753 511 799 facit
540 751 595 798 ad
627 753 826 797 arteriae
858 752 1154 811 eruptionem
1184 749 1402 811 polygoni
1433 763 1575 795 sucus
1599 763 1700 810 cya-

106 823 295 870 thorum
332 823 477 869 duum
515 828 594 868 aut
631 822 774 867 trium
812 834 897 881 per
933 819 1144 866 triduum
1179 819 1315 866 datus
1346 825 1393 865 et
1421 818 1702 879 plantaginis

46 908 87 939 10
109 894 245 940 tritae
283 892 446 938 eodem
483 891 620 937 modo
659 891 794 937 datus
832 903 976 936 sucus
1012 889 1266 950 plurimum
1296 888 1509 950 prodest3
1546 894 1702 934 cretae

108 976 292 1024 quoque
332 962 511 1008 Samiae
548 960 588 1007 X
624 974 748 1007 unus
787 964 1002 1020 sumptus
1041 973 1097 1004 ex
1135 972 1281 1019 aquae
1319 957 1514 1018 frigidae
1546 959 1702 1018 rigore

108 1032 316 1079 detracto
348 1031 524 1093 cyathis
547 1030 700 1077 tribus
724 1029 1004 1075 validissime
1028 1030 1176 1090 iuvat3
1206 1027 1379 1074 herbae
1410 1029 1549 1074 etiam
1573 1026 1699 1088 poly-

108 1103 233 1163 goni,
269 1115 401 1163 quae,
441 1107 491 1147 ut
528 1102 708 1161 opinor,
746 1100 932 1145 tiniaria
962 1104 1168 1159 vocatur,
1199 1097 1465 1159 fasciculus,
1498 1104 1701 1158 quantus

108 1185 249 1217 manu
293 1170 611 1231 conprehendi
657 1171 827 1231 possit,
879 1170 925 1214 in
971 1168 1124 1214 tribus
1176 1167 1377 1213 heminis
1429 1181 1575 1227 aquae
1627 1166 1703 1212 de—

47 1255 88 1286 15
110 1247 271 1287 coctus
317 1240 372 1286 ad
418 1242 580 1286 tertias
631 1245 760 1285 recte
811 1238 1026 1284 medetur
1072 1237 1308 1298 eruptioni
1359 1237 1597 1297 sanguinis
1648 1250 1702 1282 ex

110 1311 308 1371 arteriis,
347 1311 385 1355 si
425 1311 530 1371 quis
567 1308 674 1355 inde
708 1308 938 1355 laboranti
969 1307 1157 1368 cyathos
1188 1312 1286 1352 tres
1317 1307 1474 1352 ieiuno
1505 1320 1590 1367 per
1620 1307 1701 1352 tri-

108 1379 254 1425 duum
298 1374 491 1426 dederit.
566 1378 763 1439 Oportet
813 1385 969 1423 autem
1017 1377 1240 1423 sentienti
1283 1375 1452 1422 vulnus
1504 1376 1703 1422 interius

107 1448 208 1495 loco
254 1450 355 1509 ipso
401 1448 482 1494 sed
528 1463 553 1494 a
590 1448 704 1494 foris
742 1448 981 1507 sfongeam
1019 1460 1126 1492 cum
1163 1459 1282 1506 aqua
1320 1445 1487 1505 frigida
1524 1447 1705 1491 recenti

106 1519 333 1579 inponere
366 1517 436 1564 vel
466 1532 521 1564 ex
552 1526 682 1564 aceto
714 1519 825 1579 acri,
863 1516 945 1563 sed
976 1516 1250 1576 frequenter
1279 1521 1476 1575 mutare,
1505 1529 1564 1560 ne
1596 1529 1704 1560 eon-

45 1603 87 1633 20
109 1587 328 1634 calefacta
366 1594 545 1649 noceat,
583 1593 630 1633 et
665 1592 821 1633 vetare
860 1592 990 1632 artus
1025 1586 1299 1647 constringi,
1337 1584 1460 1645 quod
1492 1583 1704 1644 plerique

107 1657 396 1704 medicorum
426 1657 604 1704 faciunt
632 1659 917 1719 ignorantes,
948 1657 1056 1717 quia
1082 1656 1305 1701 incitatur
1329 1655 1568 1714 sanguinis
1600 1668 1704 1700 eru·

106 1728 203 1788 ptio
236 1726 554 1773 musculorum
592 1727 956 1788 compressione,
996 1724 1371 1786 quandoquidem
1409 1725 1561 1770 omnis
1598 1738 1704 1770 con-

108 1798 288 1843 strictio
326 1798 375 1842 in
413 1804 658 1857 utramque
695 1803 876 1857 partem
915 1795 1134 1856 exprimit
1172 1808 1347 1840 venam.

248 1865 446 1912 Faciunt
476 1872 523 1912 et
552 1868 808 1926 composita
838 1865 1175 1911 medicamenta
1207 1864 1263 1909 ad
1299 1864 1538 1923 sanguinis
1571 1877 1705 1924 erup-

45 1948 87 1979 25
109 1937 298 1998 tionem,
337 1949 538 1996 quorum
573 1935 663 1981 hoc
705 1942 776 1982 est
812 1936 1139 1996 praecipuum:
1177 1934 1370 1979 Acaciae
1415 1935 1516 1979 suci
1553 1935 1703 1993 uncia,

109 2005 441 2067 hypocistidos,
480 2006 561 2066 qui
598 2013 670 2051 est
697 2019 839 2051 sucus
869 2018 1004 2050 rosae
1036 2003 1284 2065 silvaticae,
1323 2016 1462 2063 quam
1492 2003 1704 2048 caninam

110 2074 297 2135 quidam
334 2081 521 2136 vocant,
558 2076 716 2136 uncia,
753 2074 971 2136 balausti,
1015 2074 1096 2134 qui
1132 2079 1204 2118 est
1242 2072 1328 2118 flos
1365 2071 1473 2118 mali
1510 2074 1705 2133 granati,

111 2159 201 2205 quo
233 2145 420 2190 coriarii
451 2150 662 2206 utuntur,
693 2146 845 2204 uncia,
876 2144 954 2203 opi
985 2144 1236 2189 semuncia.
1284 2141 1572 2188 Balaustium
1596 2156 1703 2187 con-

109 2213 324 2260 tunditur
356 2220 402 2260 et
431 2214 666 2261 cribratur
696 2214 769 2260 vel
799 2215 975 2260 siccum
1006 2214 1054 2258 in
1084 2214 1307 2258 mortario
1334 2213 1518 2272 teritur,
1549 2218 1704 2257 cetera

49 2295 89 2327 30
111 2283 261 2345 pridie
306 2290 537 2330 macerata
581 2286 630 2330 in
675 2298 794 2345 aqua
839 2284 1203 2329 commiscentur
1247 2281 1495 2341 diligenter
1540 2287 1585 2326 et
1629 2295 1706 2341 pa-

112 2353 223 2399 stilli
259 2353 367 2399 inde
405 2354 667 2415 finguntur,
714 2353 902 2414 quidam
948 2353 1167 2412 maiores,
1206 2351 1393 2411 quidam
1432 2350 1487 2395 ad
1527 2349 1707 2396 denarii

111 2424 375 2485 semissem3
420 2423 590 2470 dantur
634 2422 828 2470 resoluti
871 2424 999 2468 iuxta
1036 2427 1233 2467 aetatem
1272 2420 1342 2466 vel
1379 2421 1600 2466 virtutem
1638 2421 1705 2465 in—

111 2492 235 2538 firmi
279 2507 334 2538 ex
379 2507 525 2553 aquae
570 2493 764 2554 frigidae
810 2491 986 2553 cyathis
1030 2490 1182 2536 tribus
1227 2497 1307 2536 aut
1351 2488 1546 2535 duobus.
1620 2488 1706 2535 Hic

111 2561 322 2623 pastillus
366 2561 483 2608 hene
530 2562 640 2609 facit
683 2570 730 2609 et
774 2562 830 2608 ad
877 2561 1185 2622 dysintericos
1232 2568 1278 2605 et
1315 2559 1371 2605 ad
1409 2560 1705 2605 torminosos.

255 2672 275 2707 1
309 2668 352 2708 al
375 2681 458 2721 pro
488 2668 619 2711 alum.
745 2674 769 2710 2
802 2669 1058 2710 sextantem.
1176 2670 1226 2706 12
1258 2665 1538 2706 vale-dissime
1567 2665 1705 2706 iubat.

41 2748 45 2751 —
113 2727 165 2763 22
197 2723 472 2776 quandoque.
560 2729 612 2767 27
643 2724 952 2777 malagranati.
1052 2725 1104 2764 28
1135 2733 1222 2774 quo
1256 2720 1448 2776 coriarii]
1481 2720 1703 2774 quoriarii.

114 2783 166 2821 28
196 2779 501 2821 balausticum.
618 2784 672 2822 34
704 2780 993 2822 disintericos

1733 759 1786 796 22

1735 1383 1786 1420 23

1737 1870 1791 1907 24
