1930 3008
804 103 1176 153 -366—

189 229 290 284 Quo
335 230 640 277 medicamine
685 231 959 291 refrigerato
1001 232 1071 277 uti
1109 231 1354 277 conveniet
1390 245 1475 291 pro
1513 229 1783 291 malagmate

191 299 263 346 vel
301 300 552 362 emplastro
591 300 646 346 ad
685 314 752 363 ea,
791 315 907 362 quae
947 314 1086 361 supra
1125 302 1298 361 scripta
1335 307 1456 348 sunt.

807 452 930 500 CAP.
969 451 1189 518 xxxvl.-

229 540 316 583 Ad
358 540 647 593 podagram
693 540 921 583 calidam
965 543 1018 582 et
1060 540 1310 593 frigidam
1357 542 1411 582 et
1454 539 1752 594 chiragram

383 610 620 652 remedia
656 610 877 663 physica
935 612 988 652 et
1015 610 1352 653 rationabilia
1389 609 1598 653 diversa

739 680 806 722 de
849 679 1240 733 experimentis.

329 785 585 847 Podagram
629 785 744 833 lenit
788 801 1011 848 oesypum
1049 801 1155 833 cum
1192 786 1311 833 lacte
1346 786 1557 833 mulieris
1595 792 1641 833 et
1679 801 1787 833 cum

190 869 381 902 cerussa
426 855 711 919 adpositum3
755 856 892 902 fimus
938 871 1124 917 quoque
1162 856 1366 904 bubulus
1404 871 1570 903 recens
1609 856 1786 903 calidus

191 933 237 972 et
281 925 527 987 pulmones
571 926 766 986 pecudis
820 925 956 972 calidi
1008 932 1224 972 recentes
1277 932 1324 972 et
1371 926 1432 972 fel
1475 928 1634 973 arietis
1679 938 1829 973 cum5

192 1009 300 1041 sevo
347 1009 431 1042 suo
477 1001 524 1041 et
560 996 698 1042 fimus
735 995 1011 1056 gallinarum
1049 1010 1217 1042 recens
1255 996 1495 1057 adpositus
1531 995 1787 1057 plurimum

190 1066 316 1111 iuvat
359 1079 542 1111 necnon
588 1073 634 1111 et
678 1065 862 1111 cocleae
907 1065 1150 1111 Africanae
1196 1080 1302 1112 cum
1348 1079 1430 1112 sua
1475 1079 1614 1111 carne
1663 1080 1785 1112 com-

191 1133 354 1181 bustae
393 1136 605 1194 cinisque
645 1148 805 1180 earum
844 1149 900 1180 ex
937 1136 1046 1180 vino
1083 1134 1246 1181 inlitus
1283 1135 1512 1182 medetur.

331 1203 554 1250 Cerotum
598 1203 844 1250 adversum
890 1204 1061 1264 pedum
1099 1204 1284 1250 dolores
1321 1204 1410 1251 hoc
1447 1204 1585 1250 modo
1624 1204 1786 1252 facies:

191 1272 294 1320 Olei
323 1273 477 1334 pondo
508 1272 562 1335 II,
601 1273 830 1320 medullae
862 1275 1075 1320 cervinae
1106 1275 1269 1320 uncias
1301 1288 1395 1337 sex,
1426 1276 1609 1321 resinae
1640 1274 1786 1321 frixae
1809 1288 1852 1318 ιο

190 1345 352 1389 uncias
391 1357 485 1405 sex,
524 1342 681 1404 butyri
718 1345 902 1390 unciam
941 1358 1094 1390 unam.
1149 1343 1274 1390 Haec
1305 1345 1480 1404 pariter
1510 1345 1559 1390 in
1589 1344 1787 1391 caccabo

191 1412 436 1459 solvuntur
467 1419 514 1458 et
543 1413 771 1475 colantur,
804 1418 967 1474 postea
998 1413 1171 1460 adicies
1201 1413 1286 1460 lini
1316 1415 1508 1460 seminis
1539 1414 1787 1477 heminam,

190 1482 313 1528 faeni
343 1483 499 1543 graeci
528 1481 777 1544 heminam,
816 1497 933 1543 quae
971 1485 1035 1529 ita
1064 1485 1240 1544 pariter
1271 1498 1550 1545 concoques,
1587 1490 1640 1530 ut
1670 1486 1786 1544 spis·

191 1566 296 1599 sum
333 1554 414 1614 sit3
453 1552 620 1598 deinde
658 1551 833 1598 colabis
872 1559 918 1599 et
949 1552 1005 1599 de
1036 1554 1139 1613 ipso
1171 1553 1320 1599 colato
1350 1555 1414 1600 ita
1445 1553 1642 1599 densum
1673 1559 1787 1600 tem-

190 1621 391 1683 perabiS,
430 1621 579 1668 donec
617 1621 921 1683 emplastrum
959 1622 1113 1670 facias.
1808 1634 1850 1666 15

331 1691 607 1738 Remedium
651 1693 977 1753 paregoricum
1024 1692 1080 1738 ad
1129 1692 1379 1753 podagram
1424 1693 1512 1739 sic:
1566 1692 1788 1753 Cupressi

190 1761 329 1807 bacas
360 1761 532 1807 virides
565 1767 679 1822 quot
711 1761 912 1808 volueris
943 1762 1152 1823 decoque
1184 1777 1239 1808 ex
1271 1776 1389 1823 aqua
1419 1763 1610 1824 marina,
1638 1762 1786 1808 donec

190 1830 352 1877 molles
398 1831 531 1893 fiant;
578 1830 746 1877 deinde
793 1831 1027 1878 contunde
1072 1834 1119 1877 in
1164 1832 1256 1892 pila
1301 1838 1348 1878 et
1385 1831 1582 1878 subinde
1620 1846 1787 1893 aquam

191 1901 417 1962 adsparge
462 1906 508 1947 et
555 1900 770 1947 manibus
819 1900 1004 1963 subige,
1056 1907 1108 1948 ut
1161 1909 1393 1962 tamquam
1439 1901 1662 1962 malagma
1707 1903 1787 1961 sit3

190 1970 299 2016 inde
337 1972 461 2016 inter
497 1971 629 2017 initia
667 1970 842 2035 doloris
879 1972 1080 2034 impone,
1123 1972 1278 2018 statim
1316 1970 1604 2031 mitigabitur
1641 1970 1785 2019 dolor.
1809 1982 1851 2013 20

330 2039 552 2100 Malagma
584 2040 959 2087 efficacissimum
990 2041 1046 2087 ad
1076 2041 1326 2102 podagram
1358 2042 1446 2087 sic:
1476 2040 1639 2087 Carnis
1663 2042 1789 2101 agni-

191 2123 276 2155 nae
313 2109 362 2156 P.
392 2109 464 2171 VI,
503 2111 721 2170 caprinae
753 2109 800 2157 P.
832 2109 903 2173 VI,
942 2109 1141 2157 bubulae
1179 2110 1461 2157 masculinae
1499 2110 1653 2171 pondo
1692 2124 1786 2171 sex,

191 2180 309 2239 picis
352 2179 556 2240 liquidae
595 2179 641 2226 P.
674 2179 709 2223 V
756 2179 826 2226 vel
873 2181 1011 2227 etiam
1048 2179 1126 2242 VI,
1173 2182 1286 2226 nitri
1322 2179 1370 2226 P.
1401 2179 1522 2240 VIII,
1566 2179 1787 2226 bacarum

191 2251 394 2309 iuniperi
424 2248 579 2309 pondo
612 2263 706 2311 sex,
739 2264 873 2295 cerae
904 2249 954 2296 P.
979 2249 1154 2296 decem.
1203 2249 1327 2296 Haec
1359 2250 1512 2295 omnia
1542 2263 1787 2311 concerpe,

193 2318 441 2380 contunde,
481 2333 630 2379 coque
670 2325 716 2365 et
747 2333 854 2365 cum
884 2319 1114 2380 liquidum
1145 2319 1286 2366 fuerit
1317 2318 1618 2380 medicamen,
1656 2318 1785 2365 adice
1809 2329 1851 2360 25

194 2402 355 2448 cepam
408 2394 455 2434 et
508 2388 704 2434 subinde
758 2390 989 2449 permisce
1042 2396 1088 2435 et
1140 2389 1306 2435 deinde
1351 2387 1596 2448 galbanum
1642 2389 1787 2450 mitte,

195 2463 420 2518 quantum
445 2459 762 2504 aestimaveris
787 2458 1004 2504 sufficere
1028 2473 1180 2519 posse,
1205 2465 1251 2505 et
1275 2457 1470 2504 subinde
1491 2459 1625 2517 agita.
1659 2457 1786 2512 Quae

195 2541 303 2573 cum
339 2527 458 2573 bene
496 2528 744 2588 liquefacta
784 2534 830 2574 et
867 2530 1115 2575 commixta
1153 2529 1340 2589 fuerint,
1381 2526 1553 2572 adicies
1591 2527 1787 2588 sulphur

196 2602 242 2642 et
279 2598 455 2643 nitrum
494 2603 541 2643 et
578 2597 715 2644 bacas
753 2597 872 2644 lauri
910 2605 1148 2660 contusas3
1185 2596 1351 2643 deinde
1390 2610 1496 2642 cum
1535 2596 1652 2642 bene
1683 2611 1786 2657 per-

337 2749 362 2786 3
394 2745 626 2799 oesypum]
658 2746 710 2797 cf.
738 2746 861 2787 Ptin.
885 2759 926 2788 n.
949 2747 988 2788 h.
1014 2750 1079 2798 30,
1105 2750 1170 2786 76.
