1930 3008
809 107 1190 157 —382—

202 237 355 299 pulvis
391 235 647 297 specularis
679 236 831 282 exusti
861 242 907 282 et
938 236 1199 283 diutissime
1231 236 1444 297 agitatur.
1503 235 1621 283 Tum
1652 237 1795 284 medi-

204 321 367 353 camen
411 306 562 352 adhuc
607 305 988 367 pseudocalidum
1033 305 1309 353 diffunditur
1353 307 1400 351 in
1438 307 1709 353 mortarium
1749 313 1796 354 et

203 375 297 423 illic
343 376 605 423 diutissime
650 374 866 422 manibus
912 375 1145 436 subigitur
1195 381 1335 436 atque
1383 375 1491 421 inde
1535 377 1584 422 in
1627 377 1794 437 pyxide

205 452 285 492 aut
328 447 377 492 in
423 445 591 491 doliolo
630 446 777 491 vitreo
814 446 1073 505 reponitur.
1140 445 1273 500 Quod
1311 445 1700 492 medicamentum
1739 446 1795 492 ad

206 530 368 562 omnes
413 515 711 562 collectiones
757 520 803 560 et
847 514 1086 574 glandulas
1133 522 1179 562 et
1223 515 1459 576 parotidas
1504 521 1550 561 et
1594 521 1837 562 strumam

205 591 251 631 et
288 585 344 631 ad
383 599 545 631 omnes
582 591 792 630 tumores
837 591 883 630 et
925 584 980 630 ad
1019 599 1180 631 omnes
1217 584 1429 645 pustulas
1467 591 1513 631 et
1550 585 1606 631 ad
1643 586 1797 632 omnia

203 653 395 701 vulnera
433 654 636 700 sananda
672 655 1049 715 potentissimum
1086 661 1158 701 est
1188 669 1369 700 necnon
1400 660 1447 701 et
1477 654 1534 700 ad
1571 653 1797 701 stomachi

205 731 251 771 et
288 726 521 771 viscerum
558 725 668 770 vitia
706 730 752 769 et
790 723 844 770 ad
883 723 1042 771 lateris
1080 731 1127 771 et
1162 725 1346 771 renium
1379 730 1425 771 et
1454 723 1719 771 lumborum
1751 730 1799 771 et

205 808 426 840 coxarum
471 793 655 840 dolores
701 793 1075 841 efficacissimum
1127 801 1222 857 est3
1274 795 1428 840 nervis
1474 809 1659 855 quoque
1704 793 1797 855 pla-

206 863 365 910 candis
404 869 450 910 et
487 863 716 910 luxaturis
755 870 801 909 et
838 863 1058 910 fracturis
1096 863 1348 911 solidandis
1379 863 1681 911 utilissimum
1713 870 1861 910 est.1o

277 1280 410 1335 Quod
449 1287 609 1326 natum
646 1279 863 1326 Phoebus
902 1280 1081 1342 docuit,
1120 1280 1243 1342 quod
1284 1280 1457 1327 Chiron
1495 1280 1742 1343 Achillem,

277 1350 411 1405 Quod
449 1349 655 1396 didicere
694 1349 802 1396 olim
841 1349 1102 1396 Podalirius
1140 1357 1279 1412 atque
1317 1350 1540 1398 Machaon

275 1421 310 1465 A
350 1421 560 1481 genitore
599 1433 706 1482 sue,
743 1421 824 1481 qui
862 1420 1094 1480 quondam
1133 1435 1294 1467 versus
1333 1423 1380 1467 in
1418 1435 1616 1482 anguem

277 1489 468 1551 Templa
505 1489 740 1536 Palatinae
779 1489 923 1536 subiit
961 1489 1175 1536 sublimia
1213 1490 1407 1553 Romae,

276 1558 410 1614 Quod
449 1559 571 1606 Cous
610 1559 769 1606 docuit
807 1561 963 1605 senior
1002 1560 1219 1621 quodque
1257 1559 1439 1607 Abdera
1477 1562 1644 1621 suasit,
1820 1573 1840 1606 5

276 1629 410 1684 Quod
448 1629 577 1690 logos
615 1635 694 1675 aut
731 1629 975 1675 methodos
1014 1630 1303 1691 simplexque
1342 1631 1563 1691 empirica
1601 1631 1781 1692 pangit:

274 1698 374 1745 Hoc
413 1698 532 1744 liber
569 1700 658 1745 iste
697 1705 825 1745 tenet
863 1699 1047 1745 diverso
1086 1714 1109 1746 e
1149 1699 1361 1760 dogmate
1401 1707 1649 1761 sumptum.

274 1768 484 1830 Namque
522 1768 784 1815 salutiferas
823 1769 1029 1830 disponit
1065 1771 1230 1830 pagina
1268 1784 1417 1816 curas.

274 1839 384 1885 Istic
422 1839 664 1900 repperies
702 1853 786 1899 per
824 1841 1009 1885 nomina
1047 1853 1224 1899 perque
1262 1839 1483 1886 medellas

275 1908 542 1969 Descriptas
581 1910 762 1969 species
801 1916 846 1955 et
882 1909 1088 1970 pondera
1127 1923 1453 1956 mensurarum
1822 1922 1862 1958 ιο

276 1978 512 2040 Congrua,
551 1993 669 2039 quae
708 1980 894 2040 sapiens
933 1993 1089 2025 sumes
1127 1979 1442 2026 moderamine
1479 1984 1623 2026 cert0.

274 2047 341 2094 Ne
380 2047 560 2110 fallare,
597 2049 722 2110 vide,
759 2063 851 2094 neu
891 2063 1007 2109 quae
1046 2055 1155 2095 sunt
1192 2055 1323 2110 parta
1363 2049 1500 2096 saluti

276 2117 436 2164 Vertat
473 2119 521 2163 in
561 2120 767 2183 exitium·
790 2133 883 2164 non
923 2118 1086 2164 sollers
1125 2133 1236 2165 cura
1274 2119 1516 2165 medentis

278 2186 420 2233 Sume
458 2189 602 2248 igitur
639 2188 846 2234 medicos
883 2202 968 2248 pro
1007 2194 1217 2249 tempore
1255 2203 1434 2250 proque
1471 2188 1628 2234 labore

276 2257 546 2318 Aetatisque
584 2257 746 2304 habitu
785 2272 965 2304 summa
1002 2259 1181 2304 ratione
1219 2266 1426 2320 paratos,
1820 2263 1860 2306 15

276 2326 493 2373 Gramine
533 2342 617 2373 seu
654 2327 787 2373 malis
826 2341 965 2388 aegro
1003 2334 1241 2388 praestare
1279 2327 1520 2374 medellam

277 2395 491 2442 Carmine
531 2411 613 2443 seu
650 2399 828 2458 potius:
866 2411 1066 2458 namque
1106 2403 1176 2444 est
1213 2412 1289 2444 res
1328 2404 1454 2444 certa
1493 2396 1631 2442 saluti

277 2465 473 2512 Carmen
512 2466 567 2512 ab
607 2467 803 2513 occultis
840 2467 1054 2513 tribuens
1092 2467 1312 2513 miracula
1352 2466 1516 2512 verbis.

277 2534 403 2588 Quae
443 2538 571 2582 curis
609 2536 848 2583 hominnm
887 2537 1187 2598 physicorum
1226 2539 1409 2582 inventa
1448 2541 1692 2597 pararunt,

348 2701 370 2738 9
403 2697 598 2738 medelas
632 2697 883 2740 Commius.
1002 2703 1051 2740 13
1084 2698 1220 2739 solers
1251 2698 1372 2740 idem.
1499 2701 1549 2738 16
1580 2696 1798 2738 medelam

205 2751 328 2794 idem.
448 2757 496 2794 17
531 2753 687 2794 salutis
720 2754 961 2797 Buecheler.
1081 2757 1130 2794 19
1162 2753 1359 2806 pararint
1390 2753 1643 2796 Corneto-ius.
