1898 3016
734 95 1119 147 —257—

129 233 344 275 conteres
383 232 430 273 et
467 223 688 272 miscebis
726 230 772 272 et
808 226 858 272 in
894 223 1076 272 balineo
1114 223 1262 271 calido
1297 223 1548 272 bibendam
1576 225 1726 287 potio-

129 311 236 344 nem
273 295 419 359 dabis,
457 297 628 343 mirum
666 302 749 342 est.

267 365 336 412 Ad
373 367 533 413 urinae
564 364 886 412 difficultatem
917 370 964 411 et
994 362 1224 411 calculum
1254 363 1421 410 lotium
1450 378 1726 428 caprunum,
1756 372 1811 412 22

127 436 210 483 sed
246 442 519 483 montanum
564 435 774 496 tepidum
818 435 971 496 potari
1008 439 1195 496 oportet
1231 433 1435 481 admixto
1474 435 1580 480 vino
1619 449 1727 482 cum

85 521 105 551 5
128 520 247 568 aqua
277 505 336 553 ob
368 505 627 567 fastidium3
659 506 894 567 cyminum
925 518 1112 566 quoque
1137 503 1423 568 Africanum,
1454 504 1577 566 quod
1602 519 1726 551 sum-

126 578 285 623 mitate
323 577 467 622 trium
505 575 758 636 digitorum
795 575 1005 636 potueris
1042 573 1295 636 prendere,
1341 588 1398 620 ex
1434 575 1543 620 vino
1581 575 1726 621 mixto

127 645 328 692 calidum
365 645 566 692 bibatur.

266 715 335 762 Ad
366 717 530 762 urinae
560 713 882 761 difficultatem
912 715 1091 761 urticae
1124 719 1350 775 quantum
1373 712 1555 760 duabus
1581 715 1725 760 mani·
1756 721 1810 759 23

125 784 213 832 bus
243 784 461 846 amplecti
490 785 702 845 potueris
733 783 1007 830 fasciculum
1039 797 1146 830 cum
1169 785 1266 830 vini
1288 785 1454 844 congio
1478 783 1726 831 decoctum

62 869 103 899 10
126 854 182 901 ad
231 855 347 901 duos
392 855 619 914 sextarios
663 853 849 914 rediges
894 858 941 899 et
978 867 1113 899 mane
1151 851 1407 900 bibendum
1444 854 1601 900 ieiuno
1639 868 1725 916 per

122 924 332 972 triduum
368 923 512 971 dahis.

262 993 444 1040 Herbae
476 992 768 1040 Mercurialis
799 1007 856 1039 ex
879 1006 998 1054 aqua
1022 992 1241 1039 decoctae
1266 993 1340 1039 ius
1364 992 1545 1040 adiecta
1566 1007 1724 1055 myrra
1756 1001 1810 1039 24

123 1065 234 1110 trita
269 1065 475 1110 vessicae
513 1062 873 1124 lumborumque
904 1061 1144 1109 doloribus
1175 1061 1408 1126 subvenit,
1438 1064 1479 1110 si
1509 1077 1534 1109 a
1564 1064 1722 1110 ieiuno

124 1140 313 1194 potetur
351 1133 556 1180 adsidue.

62 1217 102 1248 15
265 1203 334 1249 Ad
371 1203 622 1265 dysuriam,
658 1202 706 1248 id
745 1208 816 1248 est
845 1203 1008 1248 urinae
1039 1201 1376 1264 difficultatem,
1414 1208 1462 1248 et
1492 1202 1722 1251 calculum
1753 1212 1807 1250 25

126 1273 317 1320 echinos
347 1278 448 1319 tere
479 1287 587 1319 cum
617 1271 791 1318 aculeis
822 1272 920 1318 suis
952 1276 999 1318 et
1029 1285 1085 1317 ex
1119 1270 1269 1317 mulsa
1299 1285 1419 1333 aqua
1450 1272 1724 1334 frequenter

125 1344 344 1405 accipit03
392 1342 448 1388 ad
493 1341 723 1389 calculum
768 1347 924 1388 autem
963 1340 1071 1387 rubi
1108 1340 1290 1388 radices
1329 1342 1429 1388 sine
1467 1342 1594 1389 ferro
1633 1343 1724 1390 col-

124 1412 240 1473 liges
292 1412 504 1473 lotasque
557 1411 805 1473 diligenter
855 1412 905 1457 in
949 1410 1038 1457 olla
1081 1424 1200 1457 nova
1244 1425 1417 1472 coques
1462 1417 1509 1459 et
1553 1427 1609 1459 ex
1654 1427 1725 1476 eo,

126 1481 250 1544 quod
288 1481 541 1545 decoxerit,
578 1495 687 1529 cum
723 1482 845 1543 vino,
883 1481 923 1526 si
960 1494 1054 1527 non
1085 1479 1384 1543 febricitabit,
1423 1496 1478 1528 ex
1513 1496 1645 1545 aqua,
1683 1485 1724 1530 si

61 1565 101 1596 20
124 1551 560 1614 incommodabitur,
597 1550 853 1598 bibendum
891 1549 1036 1596 dabis.

264 1621 431 1669 Cancri
464 1627 633 1668 testam
664 1620 912 1682 diligenter
942 1626 1067 1666 teres
1098 1626 1145 1666 et
1175 1621 1280 1666 vino
1312 1620 1531 1668 subdulci
1557 1623 1720 1669 misce·
1752 1631 1805 1670 26

123 1691 196 1738 bis
241 1697 287 1738 et
332 1691 529 1738 colatam
573 1693 811 1752 potionem
856 1689 987 1736 dabis
1032 1689 1282 1736 bibendam
1327 1692 1390 1752 ei,
1435 1693 1518 1752 qui
1555 1691 1722 1740 calculi

124 1761 333 1808 molestia
372 1760 613 1807 laborabit.
679 1760 862 1807 Herbae
899 1759 1146 1806 milefoliae
1189 1785 1248 1792 —
1282 1759 1323 1806 ΙΙ
1362 1767 1408 1806 et
1445 1763 1560 1823 eius,
1603 1776 1721 1823 quae
1752 1772 1804 1811 2¹¹1

123 1831 269 1877 herba
314 1845 444 1877 sacra
482 1830 677 1892 dicitur,
721 1829 997 1876 tantundem
1034 1836 1159 1876 teres
1197 1836 1244 1876 et
1281 1844 1457 1891 coques
1502 1845 1559 1877 ex
1603 1846 1722 1893 aqua

62 1913 101 1944 25
126 1906 173 1947 et
224 1915 281 1946 ex
333 1899 468 1947 melle
521 1905 659 1961 atque
710 1901 772 1946 ita
823 1899 1073 1945 bibendam
1125 1898 1256 1945 dabis
1307 1901 1471 1946 urinae
1523 1901 1720 1948 difficul-

124 1975 218 2017 tate
257 1975 304 2016 et
341 1968 518 2016 calculo
555 1969 796 2017 laboranti.
857 1968 1016 2015 Mense
1047 1967 1299 2015 Novembri
1335 1976 1442 2016 ante
1472 1968 1583 2018 Idus
1621 1985 1718 2018 eas·
1749 1982 1803 2020 28

125 2039 230 2086 dem
275 2054 435 2086 semen
480 2039 649 2085 fraxini
693 2038 882 2100 colliges
936 2045 982 2085 et
1029 2039 1077 2084 in
1122 2039 1279 2099 tepido
1325 2039 1462 2086 furno
1508 2040 1720 2104 siccabis,

124 2109 199 2156 die
243 2115 431 2170 postera
476 2110 702 2155 siccatum
746 2108 914 2155 tundes
964 2114 1011 2155 et
1058 2107 1287 2155 cribrabis
1336 2114 1382 2155 et
1425 2124 1626 2171 repones
1672 2118 1719 2158 et

125 2193 182 2225 ex
223 2193 276 2225 eo
316 2179 447 2226 dabis
486 2178 716 2225 calculoso
755 2178 811 2224 ad
850 2178 972 2224 diem
1010 2192 1117 2225 cum
1147 2179 1253 2224 vino
1283 2185 1440 2226 vetere
1470 2180 1720 2227 bibendam

63 2262 102 2292 30
126 2247 315 2309 ligulam
352 2263 504 2296 unam.

263 2318 332 2365 Ad
365 2312 551 2365 renium
581 2318 791 2364 dolorem
820 2317 1078 2364 remedium
1110 2319 1197 2365 sic:
1234 2318 1338 2380 Apii
1369 2320 1563 2365 seminis
1594 2345 1657 2352 —
1683 2318 1718 2383 I,
1748 2330 1801 2368 29

124 2388 315 2435 feniculi
360 2389 550 2434 seminis
601 2415 663 2423 ’-
699 2387 740 2450 I,
783 2389 959 2448 piperis
1004 2389 1303 2435 semunciam.
1369 2388 1437 2434 Ex
1481 2389 1554 2435 his
1598 2389 1718 2436 bene

125 2460 289 2504 tritum
326 2463 372 2504 et
417 2457 673 2505 cribratum
710 2457 952 2518 pulverem
989 2457 1131 2503 facies
1177 2464 1223 2505 et
1258 2457 1453 2504 habebis
1492 2465 1717 2522 paratum,

126 2533 191 2588 ut,
229 2541 336 2573 cum
373 2542 489 2588 opus
527 2528 683 2590 fuerit,
720 2526 929 2574 cocleare
967 2526 1156 2588 plenum
1186 2529 1234 2574 in
1266 2527 1412 2574 calida
1442 2543 1560 2590 aqua
1590 2528 1719 2576 bibat

63 2608 103 2640 35
126 2597 325 2658 ieiunus,
364 2598 444 2658 qui
482 2597 639 2644 dolore
676 2599 861 2644 renium
902 2596 1143 2643 laborabit.

267 2749 319 2787 29
353 2744 599 2787 bibendum.
714 2750 767 2788 30
796 2745 948 2801 unam]
980 2747 1058 2789 est.

210 2823 460 2863 MAchmms,
484 2831 545 2854 m).
568 2824 812 2855 Hnmmmcn.
1414 2821 1464 2858 17
