1898 3016
770 71 1008 121 —201
1087 100 1151 107 —

164 202 395 263 permisce
441 206 488 247 et
531 199 641 247 inde
686 199 857 247 cotidie
899 201 1088 247 ieiunus
1133 214 1266 247 sume
1311 200 1510 247 cocliare
1555 201 1759 265 plenum,

164 270 283 318 bene
322 269 560 317 stomacho
597 269 885 317 laborantem
923 270 1137 332 accipies,

304 339 373 387 Ad
418 340 604 387 dolores
649 339 876 387 stomachi
919 347 1102 387 veteres
1146 346 1192 387 et
1236 339 1291 386 ad
1331 340 1621 387 stomachum
1659 341 1760 388 fati·
1791 351 1847 390 53

165 416 322 472 gatum
352 410 495 457 facies
526 411 800 472 oxyporium
833 411 922 457 sic:
958 409 1142 471 Piperis
1173 424 1384 456 seorsum
1417 416 1543 456 teres
1575 425 1760 458 semun-

123 494 144 528 5
167 481 284 527 ciam
323 486 369 526 et
407 479 573 526 bulbos
610 478 694 526 XII
738 481 949 526 incoctos
991 482 1239 540 separatim
1278 482 1474 526 nimium
1512 480 1761 542 diligenter

165 556 292 597 teres
329 558 376 597 et
411 557 665 611 utrumque
695 549 930 612 miscehiS,
969 557 1068 597 tum
1104 549 1276 596 adicies
1307 550 1458 596 mellis
1489 552 1653 612 optimi
1684 551 1760 598 de-

166 621 369 681 spumati
391 618 439 666 8
465 619 506 666 Π
538 625 584 666 et
612 621 675 666 ita
705 621 754 665 in
785 619 874 665 olla
904 634 1021 666 nova
1052 634 1227 681 coques
1258 620 1313 667 ad
1345 622 1507 668 tertias
1533 626 1579 667 et
1603 635 1760 667 sumes

164 691 351 736 ieiunus
395 689 562 736 diurna
599 688 815 735 cocliaria
854 689 1056 751 singula,
1100 689 1210 736 bina
1254 690 1326 736 vel
1364 698 1496 737 terna
1534 697 1627 737 tam
1667 691 1760 753 diu,

166 759 314 806 donec
351 760 559 820 corrigas
597 758 886 806 stomachum
925 759 1227 806 laborantem.
1285 759 1451 821 Butyri
1487 761 1653 807 libram
1684 761 1760 807 de·
1792 770 1850 808 54-

105 843 337 891 meoque,
382 843 626 890 quousque
671 829 779 875 inde
823 843 932 890 pars
977 835 1106 876 sexta
1152 830 1366 893 decedat;
1411 837 1510 877 tum
1556 845 1664 877 cum
1705 845 1759 877 eo

167 898 424 960 serpullum
469 913 617 960 coque
662 906 708 944 et
752 901 793 945 si
836 900 1041 960 patietur
1086 899 1354 946 stomachus
1398 907 1529 961 tuus,
1573 901 1760 947 ieiunus

165 968 279 1015 illud
310 969 494 1015 fortiter
523 968 840 1032 manducabiS,
878 971 950 1015 sin
988 975 1143 1015 autem
1174 969 1412 1016 fastidium
1443 972 1547 1032 erit,
1584 970 1762 1030 pultem

168 1037 308 1084 facies
347 1044 393 1085 et
429 1040 477 1084 in
515 1053 568 1084 ea
605 1040 799 1085 mixtum
837 1038 1152 1086 manducabis.
1214 1039 1291 1085 Sal
1330 1041 1491 1086 tritum
1524 1054 1580 1086 ex
1609 1039 1760 1086 mulso
1792 1049 1849 1088 55

166 1109 354 1154 ieiunus
399 1115 560 1154 contra
605 1107 811 1154 dolorem
857 1109 1082 1155 stomachi
1130 1110 1211 1169 qui
1248 1108 1442 1171 biberit,
1486 1109 1761 1156 remediabi-

104 1191 144 1223 15
166 1183 264 1239 tur,
303 1183 465 1224 venter
504 1192 688 1238 quoque
727 1179 942 1239 ossifragi
979 1179 1210 1225 arefactus
1249 1185 1295 1225 et
1331 1181 1510 1240 potioni
1541 1194 1761 1240 aspersus

164 1246 420 1309 plurimum
457 1247 660 1307 prodest.

309 1316 555 1363 Stomacho
602 1317 865 1364 exulcerato
904 1319 1170 1364 cicatricem
1215 1318 1303 1364 hoc
1353 1319 1641 1364 medicamen
1691 1320 1759 1364 in·
1792 1329 1848 1369 56

168 1386 328 1433 ducet:
377 1386 514 1433 Aloes
555 1380 616 1453 91
648 1386 762 1449 VIII,
801 1389 940 1434 misui
979 1381 1040 1454 ἑ),
1072 1387 1186 1449 VIII,
1224 1389 1342 1434 turis
1379 1383 1440 1455 ῼα
1472 1387 1588 1450 VIII,
1625 1394 1762 1434 tunsa

168 1455 454 1517 criblataque
484 1456 598 1502 haec
629 1456 763 1503 melle
795 1459 968 1517 optimo
1000 1458 1375 1520 conprehendes3
1407 1460 1447 1504 si
1477 1457 1662 1519 plenius
1690 1458 1763 1504 vel

103 1540 144 1570 20
166 1525 363 1572 validius
394 1526 546 1572 facere
570 1526 771 1573 volueris
803 1526 890 1572 hoc
923 1527 1327 1590 medicamentum,
1357 1542 1562 1589 myrram
1587 1533 1633 1574 et
1657 1542 1762 1574 ane-

166 1601 265 1642 tum
312 1610 367 1642 ex
412 1597 552 1642 tertio
598 1595 771 1643 adicies
816 1604 862 1643 et
899 1596 1141 1643 dimidium
1181 1597 1389 1644 cocleare
1429 1612 1535 1644 cum
1573 1600 1762 1658 potione

166 1664 305 1711 mulsi
342 1667 528 1712 ieiunus
566 1667 780 1726 accipies,

309 1734 545 1781 Stomachi
567 1735 775 1782 dolorem
800 1738 1163 1783 concitatissime
1188 1737 1353 1783 sedant
1376 1738 1580 1784 absinthi
1604 1764 1663 1770 —-
1684 1738 1761 1801 Ill,
1792 1747 1849 1786 57

169 1810 301 1850 rutae
331 1830 398 1836 —
422 1803 485 1849 111
523 1819 577 1850 ex
613 1819 731 1865 aqua
761 1805 816 1852 ad
847 1806 1060 1852 dimidias
1091 1813 1250 1853 coctae
1282 1812 1327 1852 et
1357 1808 1515 1854 ieiuno
1546 1808 1603 1854 ad
1636 1823 1760 1855 men-

106 1887 146 1918 25
171 1888 326 1934 suram
363 1875 566 1934 potionis
605 1874 752 1921 bonae
790 1878 920 1936 potui
958 1876 1103 1922 datae.
1162 1876 1388 1923 Marrubii
1425 1878 1587 1924 viridis
1627 1878 1761 1925 fasci·
1792 1887 1848 1926 58

171 1943 328 1990 culum
366 1943 600 2004 decoques
639 1958 691 1990 ex
732 1946 852 1991 aceti
889 1947 1103 1992 sextariis
1140 1946 1294 1992 tribus
1336 1961 1485 2008 usque
1523 1947 1579 1994 ad
1618 1947 1761 1995 hemi-

169 2027 295 2074 nam3
326 2019 426 2059 tum
458 2015 690 2074 exprimes
722 2014 1011 2062 marrubium
1043 2022 1089 2062 et
1120 2015 1294 2062 adicies
1326 2017 1588 2078 despumati
1612 2017 1762 2064 mellis

170 2084 459 2144 quartarium
491 2089 536 2129 et
567 2085 738 2130 iterum
770 2085 1017 2147 decoques,
1049 2100 1292 2147 quousque
1321 2086 1375 2132 ad
1401 2087 1762 2134 crassitudinem

170 2157 322 2214 coeat3
353 2152 462 2198 inde
495 2153 704 2200 cocleare
734 2169 879 2200 unum
904 2162 1065 2201 contra
1091 2155 1296 2202 dolorem
1323 2157 1551 2203 stomachi
1574 2158 1760 2203 ieiunus

105 2235 146 2267 so
170 2223 384 2283 accipies.
457 2221 639 2269 Herbae
684 2223 913 2270 verbenae
964 2230 1129 2270 tunsae
1182 2231 1226 2271 et
1275 2225 1506 2273 cribratae
1554 2226 1760 2286 pulveris
1790 2235 1847 2274 59

170 2291 384 2338 cocliaria
429 2294 635 2354 quinque
680 2292 908 2340 laboranti
953 2294 1180 2340 stomachi
1225 2295 1383 2342 dolore
1428 2296 1558 2342 dabis
1603 2297 1761 2343 ieiuno

168 2376 252 2422 per
289 2362 497 2408 triduum
537 2365 585 2409 in
623 2362 776 2409 tribus
814 2365 978 2424 optimi
1014 2365 1110 2410 vini
1148 2365 1346 2426 cyathiS,
1392 2368 1583 2426 ceteris,
1620 2372 1763 2426 prout

169 2432 290 2477 vires
330 2437 483 2494 erunt,
521 2433 647 2494 dato;
686 2433 1063 2480 febricitantibus
1094 2448 1203 2480 sane
1240 2450 1293 2481 ex
1325 2449 1443 2496 aqua
1474 2435 1620 2482 calida
1651 2436 1762 2483 dare

170 2500 331 2563 debes3
364 2501 445 2547 sed
477 2503 516 2547 si
548 2504 652 2564 quis
684 2502 1001 2550 exulceratum
1033 2504 1324 2551 stomachum
1354 2505 1584 2568 habuerit,
1615 2507 1762 2567 capri-

312 2612 335 2648 2
368 2608 572 2662 accipias,
688 2614 715 2651 4
746 2609 1005 2663 oxiporium.
1121 2615 1144 2652 9
1176 2611 1396 2664 butyrum.
1516 2617 1566 2654 13
1597 2613 1643 2653 ei:
1668 2614 1763 2653 tum

171 2663 426 2705 C'or‘narius.
531 2668 580 2705 15
613 2667 831 2721 aspersus]
864 2667 909 2706 et
939 2679 1122 2719 spei-sus.
1227 2671 1279 2708 20
1310 2669 1455 2711 mirra.
1553 2672 1605 2709 25
1634 2667 1764 2710 fasci-

171 2719 327 2762 colum.
442 2725 494 2762 26
528 2721 735 2764 sestariis.
853 2725 903 2763 32
936 2722 1152 2776 optimum
1182 2723 1345 2767 vinum.
