1930 3008
37 155 42 162 ,,
35 123 46 136 f
34 0 63 108 „ffl-

716 95 1100 146 —349—

111 235 327 291 serpunt,
372 227 477 274 felle
523 240 701 287 apruno
747 238 852 271 cum
898 224 1053 270 resina
1098 229 1144 268 et
1189 234 1380 268 cerussa
1418 221 1562 266 mixto
1601 220 1701 265 sine

111 297 384 347 difficultate
423 302 660 343 sanantur.
708 293 823 341 Ossa
862 295 929 340 ex'
955 291 1154 339 maxillis
1184 292 1286 352 apri
1315 289 1386 336 vel
1417 291 1515 336 suis
1546 288 1701 335 dome·
1734 294 1758 332 6

112 370 219 416 stici
249 373 453 414 uruntur
483 366 735 426 ulceraque
758 364 1021 425 perniciosa
1045 375 1239 409 crurum
1261 360 1339 406 illo
1363 360 1520 406 cinere
1545 372 1703 419 asper-

37 462 40 467 ·
109 444 298 500 guntur.
356 436 517 483 Fimus
554 448 791 496 caprunus
828 435 876 480 in
914 438 1044 479 aceto
1082 431 1362 478 fervefactus
1400 436 1447 475 et
1478 428 1702 475 subactus
1735 433 1758 471 7

67 509 365 570 ainponitur,
402 520 494 568 quo
533 506 687 551 omnia
724 503 884 550 talium
923 502 1081 549 ulcera
1118 501 1328 547 locorum
1366 504 1626 560 purgantur
1657 506 1703 544 et

111 583 436 639 persanantur‚
474 575 643 636 butyro
681 572 856 620 bubulo
894 586 1002 619 cum
1040 571 1142 618 oleo
1181 571 1373 632 cyprino
1412 574 1492 615 aut
1522 567 1703 614 laurino

110 646 406 710 postmodum
444 645 613 692 addito.

251 715 440 762 Varices
477 729 536 761 ne
573 718 839 772 nascantur,
879 712 1078 758 lacertae
1116 711 1342 770 sanguine
1381 723 1520 755 crura
1556 722 1703 770 puero
1735 712 1760 749 8

36 797 38 801 ·
112 787 299 833 ieiunus
329 784 493 846 inline;
530 785 578 830 in
608 789 760 830 totum
798 780 976 828 carebit
1011 781 1098 826 hac
1135 779 1368 826 foeditate.
1427 778 1497 824 Ad
1527 780 1705 825 varices
1736 782 1760 820 9

49 869 91 903 ιο
114 855 354 902 siccandas
391 855 490 901 sevi
524 853 698 900 hircini
733 851 781 898 P.
811 850 852 914 Ι,
897 852 1083 911 saponis
1120 849 1168 896 P.
1199 848 1220 894 I
1262 850 1311 894 in
1356 862 1502 895 unum
1539 849 1704 894 misce·

112 925 185 972 bis
223 931 270 971 et
306 923 494 971 linteolo
524 922 709 969 inlitum
739 921 1028 968 medicamen
1059 919 1277 980 adpones,
1337 917 1440 964 Tali
1469 922 1550 964 aut
1579 917 1705 979 plan-
1739 921 1791 959 10

112 1003 186 1042 tae
225 995 265 1040 si
301 993 569 1056 tumebunt,
614 997 667 1039 ut
704 993 804 1038 sine
841 991 967 1037 ferro
1006 995 1250 1050 sanentur,
1295 987 1507 1034 frondem
1543 989 1705 1033 vineae

113 1064 309 1110 viridem
340 1078 392 1110 ac
423 1069 633 1110 teneram
663 1076 782 1122 aqua
812 1061 1009 1107 ferventi
1039 1058 1308 1120 perfundito
1331 1061 1706 1118 maceratamque

114 1135 344 1181 conterito
368 1139 415 1180 et
438 1132 778 1193 superpositam
803 1130 1044 1191 conligato.
1082 1128 1272 1174 Muscus
1292 1128 1534 1187 aquaticus
1550 1127 1707 1173 virens
1741 1130 1790 1168 11

50 1217 92 1249 15
115 1218 171 1250 ex
209 1203 311 1250 oleo
347 1204 489 1249 tritus
525 1202 851 1263 inpositusque
889 1213 996 1246 cum
1033 1198 1177 1245 linteo
1214 1203 1446 1244 tumorem
1477 1195 1705 1242 dolorem·

114 1287 206 1334 que
234 1272 499 1334 plantarum
528 1271 822 1332 talorumque
853 1270 1106 1330 conpescit.
1148 1267 1309 1313 Limus
1333 1267 1575 1327 aquaticus
1599 1280 1706 1313 cum
1741 1270 1790 1306 12

113 1342 215 1389 oleo
255 1341 476 1389 subactus
515 1347 561 1388 et
597 1341 838 1402 adpositus
875 1338 1197 1400 principaliter
1234 1335 1504 1383 huiusmodi
1533 1337 1708 1382 tumori

115 1427 167 1459 ac
205 1411 443 1459 doloribus
474 1410 679 1472 prodest.
737 1409 898 1456 Fimus
929 1422 1135 1470 aprunus
1166 1408 1214 1452 in
1245 1412 1375 1453 aceto
1408 1405 1630 1453 decoctus
1661 1411 1708 1452 et
1741 1409 1790 1446 13

115 1496 221 1529 cum
266 1481 402 1528 melle
431 1480 670 1527 vsubactus
706 1481 1032 1541 inpositusque
1069 1477 1240 1539 plantis
1278 1475 1351 1522 vel
1387 1475 1491 1522 talis
1527 1477 1709 1536 mitigat

52 1565 94 1598 20
116 1565 279 1598 eorum
317 1550 514 1597 dolores.

254 1620 565 1667 Pernionibus
611 1626 657 1666 et
694 1620 845 1680 ruptis
882 1617 1081 1679 pedibus
1118 1616 1276 1677 pulmo
1314 1617 1541 1662 arietinus
1578 1617 1708 1676 inpo-
1740 1619 1793 1656 14

118 1692 235 1738 situs
273 1692 400 1737 omni
437 1691 686 1751 asperitate
716 1689 912 1749 levigata
941 1687 1201 1734 molestiam
1232 1685 1364 1732 tollit.
1418 1685 1585 1732 Cancri
1616 1699 1709 1731 ma·
1744 1688 1792 1726 15

117 1762 210 1807 rini
253 1775 309 1807 ex
353 1760 454 1807 oleo
500 1760 692 1820 inpositi
735 1758 1041 1819 pernionibus
1079 1756 1258 1803 utiliter
1295 1761 1515 1816 prosunt,
1556 1756 1619 1801 ita
1656 1761 1710 1801 ut

118 1830 362 1876 foveantur
400 1843 532 1892 aqua,
569 1831 618 1875 in
657 1842 747 1889 qua
784 1841 946 1874 ervum
980 1827 1240 1873 discoctum
1271 1831 1354 1872 est.
1409 1824 1607 1871 Glirium
1637 1823 1710 1871 vel
1742 1828 1792 1866 16

54 1912 96 1944 25
121 1901 324 1946 soricum
370 1898 442 1945 vel
485 1899 712 1944 vermium
752 1903 1049 1943 terrenorum
1089 1897 1206 1942 cinis
1244 1910 1300 1941 ex
1338 1894 1439 1941 oleo
1476 1895 1710 1956 inpositus

31 1981 46 1990 ·
117 1968 423 2030 pernionibus
460 1968 687 2015 medetur.

258 2037 544 2098 Coclearum,
582 2051 699 2098 quae
738 2036 888 2083 nudae
927 2037 1242 2096 inveniuntur,
1280 2039 1550 2081 exustarum
1589 2034 1709 2080 cinis
1742 2037 1791 2074 17

120 2122 303 2154 omnem
341 2106 735 2154 exulcerationem
771 2106 944 2166 pedum
982 2111 1126 2152 sanat.

258 2177 467 2237 Agninus
504 2176 662 2237 pulmo
700 2175 772 2222 vel
802 2177 1028 2222 arietinus
1058 2176 1213 2221 uritur
1246 2181 1294 2220 et
1323 2175 1440 2220 cinis
1472 2175 1571 2219 eius
1603 2186 1709 2218 cum
1743 2175 1793 2214 18

56 2261 98 2294 ao
120 2247 222 2293 oleo
258 2248 500 2308 inponitur
538 2246 610 2293 vel
645 2247 745 2306 ipse
784 2245 960 2292 crudus
989 2244 1202 2291 admotus
1231 2244 1512 2305 pernionum
1542 2241 1709 2288 ulceri-

119 2316 208 2363 bus
245 2316 424 2363 utiliter
460 2316 685 2376 alligatur.

55 2445 57 2447 q
260 2386 379 2432 Fimi
415 2386 689 2446 gallinarum
726 2384 796 2430 'vel
829 2383 1082 2430 columbini
1112 2384 1230 2429 cinis
1261 2397 1317 2429 ex
1347 2382 1448 2428 oleo
1479 2383 1711 2443 inpositus
1744 2387 1794 2424 19

120 2455 278 2502 ulcera
314 2455 485 2515 pedum
524 2460 669 2503 curat.

262 2524 433 2571 Dentes
458 2524 671 2572 caballini
693 2525 822 2571 tunsi
845 2522 1002 2570 ulcera
1024 2524 1318 2584 pernionum,
1349 2523 1389 2568 si
1413 2522 1506 2568 sint
1528 2521 1710 2583 tumidi,
1743 2529 1795 2566 20

255 2634 289 2677 ¹4
317 2631 454 2671 fimos.
572 2635 596 2672 6
626 2629 815 2672 taurino.
934 2634 986 2671 16
1016 2629 1307 2681 talarumque.
1412 2632 1462 2671 18
1493 2627 1710 2670 decoctos.

32 2689 56 2712 '-
123 2690 179 2783 ξὲ
207 2685 444 2784 ἓῗὲὲξὶίξὲἒ.
569 2689 623 2727 24
652 2686 699 2727 in
729 2698 817 2739 qua
846 2698 925 2729 om.
1070 2689 1123 2727 25
1156 2683 1362 2726 suricum.
1487 2687 1539 2725 32
1570 2683 1709 2724 fimus.
