1898 3016
732 122 1074 172 -15-

272 278 573 325 Cornelius
612 277 808 325 Celsus
847 277 897 325 G.
936 277 1078 324 Iulio
1118 277 1351 324 Callisto
1394 277 1438 325 S.
1477 277 1527 326 D.

244 389 371 437 Inter
409 391 632 436 maximos
672 390 904 451 quondam
942 389 1128 436 habitus
1162 389 1370 436 medicos
1400 389 1695 451 Herophilus,
1728 398 1749 435 1

104 459 156 506 G.
187 459 275 506 Iuli
306 459 505 522 Calliste,
538 460 687 506 fertur
717 460 889 506 dixisse
920 459 1256 506 medicamenta
1294 459 1489 506 deorum
1525 461 1697 505 inmor-

104 529 266 576 talium
302 543 468 576 manus
506 543 623 591 esse,
661 543 755 575 non
793 531 892 575 sine
931 531 1124 590 ratione,
1162 534 1215 575 ut
1251 543 1352 575 mea
1392 530 1483 575 fert
1519 530 1698 591 opini03

104 613 299 660 prorsus
337 600 462 645 enim
501 599 622 659 quod
662 605 814 645 tactus
854 598 1038 645 divinus
1069 599 1255 645 efficere
1286 604 1454 661 potest,
1492 598 1539 644 id
1571 612 1699 658 prae-

62 683 82 716 5
105 674 230 716 stant
266 669 602 715 medicamenta
639 683 754 715 usus
796 669 1083 730 experientia
1122 668 1418 729 conprobata.
1484 668 1698 714 Animad-

105 740 328 785 vertimus
366 740 521 799 itaque
560 752 697 799 saepe
735 739 859 784 inter
889 737 1249 784 deliberationes
1280 740 1697 799 contentionesque

103 807 391 855 medicorum
417 809 691 854 auctoritate
715 807 1111 870 praecedentium,
1143 808 1253 854 dum
1278 810 1534 871 quaeritur,
1565 807 1696 868 quid-

105 892 210 925 nam
255 878 519 924 faciendum
563 884 644 924 aut
689 892 778 939 qua
819 879 998 924 ratione
1037 877 1407 924 succurrendum
1447 879 1508 923 sit
1545 891 1697 940 aegro,

105 947 328 1008 quosdam
367 947 568 995 humiles
606 947 794 1008 quidem
833 953 878 994 et
915 946 1087 1008 alioqui
1124 948 1330 1010 ignotos,
1375 961 1537 994 revera
1574 948 1696 1007 peri-

42 1032 81 1063 10
103 1018 249 1064 tiores
285 1017 370 1079 vel,
409 1017 532 1078 quod
570 1016 707 1063 fateri
743 1017 902 1078 pudet,
939 1017 1075 1078 longe
1106 1024 1364 1063 summotos
1395 1031 1419 1063 a
1451 1016 1697 1078 disciplina

102 1087 360 1134 medicinae
405 1093 452 1133 et
495 1101 554 1132 ne
592 1086 766 1133 adfines
805 1087 993 1148 quidem
1035 1088 1135 1133 eius
1181 1087 1462 1147 professioni
1500 1086 1697 1132 medica-

102 1163 259 1203 mento
298 1156 477 1203 efficaci
514 1156 619 1202 dato
658 1159 872 1217 protinus
910 1156 1037 1203 velut
1074 1158 1311 1217 praesenti
1348 1158 1538 1203 numine
1570 1156 1697 1202 omni

103 1226 260 1273 dolore
287 1226 590 1287 periculoque
620 1226 842 1272 liberasse
875 1240 1050 1286 aegros.
1107 1226 1420 1280 Quamobrem
1444 1225 1698 1286 spernendi
1727 1234 1751 1271 2

102 1303 212 1343 sunt
249 1295 451 1358 quidem,
489 1297 570 1356 qui
607 1296 884 1342 medicinam
924 1295 1122 1357 spoliare
1160 1302 1389 1357 temptant
1425 1310 1515 1342 usu
1554 1295 1696 1341 medi-

39 1380 80 1412 15
103 1372 437 1427 camentorum,
475 1366 631 1411 forsan
668 1380 762 1411 non
800 1380 825 1412 a
863 1365 1103 1426 medendo,
1143 1365 1224 1412 sed
1262 1380 1286 1411 a
1325 1367 1531 1426 potentia
1562 1365 1696 1411 effec-

102 1442 246 1496 tuque
299 1435 745 1481 medicamentorum
796 1436 859 1481 ita
911 1434 1206 1496 appellatam,
1259 1435 1490 1495 probandi
1540 1440 1697 1481 autem

102 1511 232 1567 sunt,
278 1506 360 1566 qui
404 1506 531 1551 omni
573 1505 711 1550 modo
758 1518 1038 1551 succurrere
1080 1504 1454 1566 periclitantibus
1493 1504 1694 1550 student.

101 1573 198 1636 Ego
244 1580 371 1621 certe
415 1573 693 1634 aliquotiens
736 1588 956 1634 magnum
1002 1575 1224 1620 scientiae
1271 1580 1553 1621 consecutus
1593 1588 1696 1620 sum

101 1644 290 1691 titulum
321 1658 374 1690 ex
407 1658 497 1690 usu
526 1658 751 1705 prospere
783 1643 998 1690 datorum
1028 1644 1474 1690 medicamentorum
1504 1643 1695 1690 multos-

39 1728 79 1759 20
103 1728 192 1776 que
217 1728 272 1760 ex
297 1714 457 1760 eadem
480 1728 620 1759 causa
642 1728 736 1759 non
761 1713 1041 1760 mediocrem
1074 1713 1265 1774 gloriam
1296 1713 1460 1760 tulisse
1491 1714 1695 1760 memini.

101 1783 186 1830 Est
215 1785 339 1830 enim
369 1783 483 1829 haec
511 1797 618 1844 pars
642 1784 897 1829 medicinae
930 1783 1002 1830 vel
1031 1785 1229 1830 maxime
1261 1785 1537 1845 necessaria,
1568 1789 1695 1830 certe

102 1854 437 1915 antiquissima,
476 1859 522 1899 et
559 1852 617 1898 ob
647 1853 736 1899 hoc
766 1854 970 1914 primum
1001 1853 1234 1899 celebrata
1268 1860 1406 1914 atque
1436 1853 1695 1914 inlustrata,

14 1921 32 1936 ⁶
103 1923 334 1984 siquidem
378 1936 541 1969 verum
587 1928 658 1968 est
701 1924 917 1983 antiquos
962 1922 1121 1968 herbis
1167 1937 1219 1969 ac
1261 1922 1497 1970 radicibus
1535 1937 1695 1969 earum

104 1994 314 2054 corporis
345 1993 455 2038 vitia
486 2006 689 2055 curasse,
721 1994 828 2053 quia
858 1992 1075 2038 timidum
1106 2006 1253 2053 genus
1284 1993 1550 2039 mortalium
1573 1995 1696 2039 inter

41 2075 81 2107 25
104 2063 234 2109 initia
264 2076 357 2108 non
389 2061 521 2108 facile
553 2076 601 2108 se
634 2062 757 2108 ferro
789 2063 978 2122 ignique
1011 2062 1342 2109 committebat.
1397 2062 1531 2117 Quod
1557 2064 1698 2109 etiam

104 2146 229 2179 nunc
273 2131 485 2193 plerique
535 2131 732 2194 faciunt,
778 2146 836 2177 ne
882 2131 1034 2178 dicam
1079 2146 1260 2195 omnes,
1307 2138 1352 2178 et
1397 2133 1489 2178 nisi
1533 2146 1697 2193 magna

105 2202 317 2263 conpulsi
354 2203 633 2248 necessitate
670 2203 818 2262 ipsius
857 2200 1020 2247 salutis
1060 2216 1151 2247 non
1189 2203 1430 2262 patiuntur
1461 2201 1551 2247 sihi
1581 2202 1697 2262 fieri,

105 2286 222 2333 quae
261 2286 370 2318 sane
408 2273 482 2317 vix
520 2271 758 2318 toleranda
796 2276 917 2317 sunt.
985 2270 1079 2317 Cur
1121 2285 1230 2332 ergo
1270 2271 1412 2332 aliqui
1450 2270 1699 2317 excludant
1728 2278 1752 2315 3

103 2341 380 2388 medicinam
419 2341 475 2387 de
512 2356 602 2387 usu
639 2342 1105 2403 medicamentorum,
1144 2356 1237 2387 non
1274 2342 1481 2404 invenio,
1518 2342 1611 2387 nisi
1646 2346 1700 2387 ut

43 2423 83 2455 30
108 2410 324 2471 detegant
366 2411 712 2472 inprudentiam
758 2426 901 2457 suam.
970 2410 1075 2456 Sive
1122 2412 1245 2457 enim
1291 2410 1469 2457 nullum
1519 2411 1698 2472 experi-

220 2543 437 2586 Scribonii
465 2545 604 2599 ἰατρέ
633 2546 736 2587 haee
765 2549 825 2587 est
857 2546 1052 2598 epistula.

221 2605 242 2641 1
275 2600 459 2642 condam
489 2605 578 2643 Im.
694 2600 979 2654 hierophilus.
1097 2605 1120 2642 5
1153 2601 1435 2654 conprobato.
1539 2605 1590 2643 12
1623 2614 1699 2643 no-

107 2654 224 2696 mine
254 2660 345 2699 2m.
496 2660 546 2698 15
577 2658 705 2699 verba
734 2656 881 2699 forsan
913 2669 1002 2698 non
1031 2670 1059 2698 a
1088 2657 1301 2698 medendo
1334 2658 1409 2699 sed
1440 2669 1466 2697 a
1496 2657 1700 2711 potentia

109 2710 350 2764 effectuque
381 2711 801 2755 medicamentorum
842 2726 918 2755 om.
1041 2717 1090 2754 16
1137 2712 1364 2766 appellati.
1481 2718 1533 2755 28
1572 2713 1694 2768 sane]

107 2766 222 2808 sanis
252 2767 502 2810 Carnarius,
