1898 3016
835 95 1142 143 -2-

132 235 160 272 4
191 222 401 268 cessione
427 235 561 282 opem
584 222 895 267 necessariam
920 224 1302 283 curationemque
1326 223 1594 284 praestabit.
1638 223 1782 272 Cuius

191 291 412 338 scientiae
443 290 670 337 beneficia
695 292 793 337 vice
824 298 985 338 mutua
1016 293 1222 338 caritatis
1251 291 1479 339 humanae
1507 308 1614 340 cum
1638 295 1782 340 omni-

188 361 277 407 bus
314 360 527 421 infirmis,
565 362 740 423 amicis,
779 363 901 407 notis
939 363 1220 422 ignotisque,
1256 363 1397 408 immo
1428 377 1537 409 vero
1570 377 1676 409 cum
1707 363 1782 410 ad-

187 431 318 477 venis
355 432 502 490 magis
541 436 587 476 et
624 430 922 491 pauperculis
960 432 1306 477 communicare
1345 431 1544 494 debetis,
1591 434 1699 493 quia
1736 439 1784 479 et

190 500 277 547 deo
309 502 545 561 acceptior
569 507 615 546 et
637 500 816 546 homini
838 499 1113 546 laudabilior
1136 501 1470 563 misericordia,
1502 516 1620 562 quae
1644 516 1781 564 aegro
1804 518 1825 549 5

133 582 158 619 5
188 570 365 631 hospiti
395 584 447 616 ac
478 571 727 630 peregrino
753 583 993 630 egenoque
1018 570 1241 616 defertur.
1289 570 1454 617 Moneo
1480 585 1604 634 sane,
1629 573 1669 617 si
1693 586 1783 633 qua

188 641 364 687 fuerint
394 639 598 700 paranda
628 638 948 701 medicamina,
979 654 1037 685 ne
1061 639 1236 701 absque
1260 640 1440 687 medico
1472 647 1552 687 aut
1580 642 1783 687 incurio-

189 711 288 756 sius
333 714 657 769 conponantur
702 715 783 756 aut
825 709 1124 770 indiligenter
1168 709 1441 757 habeantur.
1514 710 1630 756 Nam
1675 711 1785 758 licet

189 780 500 826 attentissime
539 781 718 839 species
757 785 803 825 et
841 794 1084 826 mensuras
1123 782 1386 840 specierum
1427 780 1645 826 remediis
1684 781 1783 841 qui-

188 849 371 910 busque
403 849 696 910 adscripsero
729 855 776 895 et
805 851 1014 909 ipsarum
1046 864 1372 896 mensurarum
1406 856 1541 896 notas
1571 849 1641 896 vel
1670 864 1781 910 pon-
1806 866 1848 896 ιο

190 919 353 966 derum
393 918 638 979 qualitates
678 919 935 965 secundum
973 918 1196 966 Graecam
1234 920 1531 966 traditionem
1565 925 1612 966 et
1642 919 1783 966 medi-

190 1003 352 1036 corum
392 994 602 1035 veterum
641 989 1029 1035 consuetudinem
1075 1003 1286 1035 seorsum
1325 989 1479 1036 libello
1518 989 1627 1035 huic
1663 990 1783 1035 inse-

189 1073 330 1106 ruero
369 1064 417 1104 et
450 1073 542 1104 non
582 1058 731 1104 solum
769 1058 987 1121 Romana,
1026 1059 1106 1105 sed
1146 1060 1285 1105 etiam
1323 1059 1457 1105 Graia
1495 1060 1784 1120 expositione

190 1129 445 1190 digessero,
482 1135 638 1174 tamen
670 1143 694 1173 e
725 1142 776 1174 re
808 1134 892 1190 est,
919 1134 972 1174 ut
1000 1128 1115 1175 haec
1147 1128 1307 1175 eadem
1339 1143 1447 1175 cum
1481 1128 1784 1189 peritioribus

191 1199 493 1245 conferantur
531 1212 582 1244 ac
622 1199 807 1258 saepius
845 1204 1161 1245 retractentur
1199 1204 1246 1244 et
1283 1213 1399 1259 quae
1439 1198 1649 1244 confecta
1686 1197 1783 1244 fue·
1808 1212 1848 1244 15

189 1270 286 1315 rint
323 1267 395 1314 vel
431 1274 589 1328 parata
628 1267 932 1313 medicamina
971 1267 1058 1314 sub
1090 1267 1341 1328 signaculis
1372 1281 1558 1327 semper
1587 1266 1785 1314 habean-

190 1345 290 1400 tur,
329 1352 387 1383 ne
425 1342 505 1383 aut
543 1351 679 1383 casus
717 1337 893 1383 incidat
930 1342 1010 1383 aut
1047 1336 1308 1397 malignitas
1346 1336 1542 1383 alicuius
1580 1336 1786 1398 obrepat,

192 1422 309 1469 quae
354 1406 570 1455 benivole
610 1412 656 1452 et
694 1408 876 1453 sincere
915 1412 1075 1467 parata
1113 1413 1396 1469 corrumpat,
1435 1409 1589 1467 sitque
1627 1406 1683 1452 de
1716 1421 1785 1452 re-

190 1478 343 1524 medio
387 1491 620 1523 venenum
672 1483 718 1522 et
766 1477 823 1522 de
873 1476 1146 1523 salubritate
1194 1478 1428 1538 pernicies
1477 1477 1786 1537 culpeturque

190 1547 442 1609 medicina,
495 1561 601 1592 cum
660 1547 868 1607 peccarit
925 1547 1118 1593 incuria.
1198 1546 1251 1592 In
1303 1560 1483 1592 summa
1543 1560 1617 1592 me
1669 1545 1784 1592 haec
1808 1560 1849 1591 20

191 1617 391 1677 benigne
427 1630 616 1677 parasse
648 1621 695 1662 et
724 1622 879 1662 tamen
911 1630 1053 1676 super
1083 1616 1156 1662 his
1187 1617 1424 1662 monuisse
1457 1615 1671 1676 sufficiet,
1704 1629 1786 1661 vos

190 1687 385 1749 perinde
431 1687 618 1732 sanitati
663 1692 843 1732 vestrae
889 1691 1027 1746 atque
1074 1687 1281 1746 opinioni
1325 1700 1454 1731 meae
1493 1684 1786 1732 consuluisse

193 1757 450 1803 conveniet.
497 1755 733 1816 Epistulas
758 1770 944 1816 quoque
969 1770 1144 1812 eorum,
1179 1770 1378 1816 quorum
1401 1755 1609 1801 studium
1632 1768 1786 1801 aemu-

191 1827 335 1873 latum
374 1840 446 1871 me
486 1839 588 1871 esse
634 1827 821 1887 scripsi,
867 1825 976 1871 huic
1015 1827 1166 1887 operi,
1211 1839 1270 1871 ne
1315 1825 1427 1885 quid
1466 1824 1671 1886 deesset,
1709 1823 1785 1870 ad-

191 1897 302 1959 ieci,
342 1910 539 1957 quarum
576 1895 714 1941 lectio
753 1901 800 1941 et
836 1896 1032 1941 incitare
1071 1909 1152 1940 vos
1190 1894 1246 1940 ad
1284 1896 1593 1941 necessariam
1632 1895 1786 1954 cogni·
1810 1908 1849 1940 25

192 1968 367 2013 tionem
406 1972 452 2012 et
489 1967 724 2011 instruere
755 1966 929 2026 poterit
960 1965 1015 2011 ad
1047 1964 1257 2012 salutem.
1316 1963 1569 2011 Versiculis
1601 1978 1787 2024 quoque

191 2036 389 2083 lusimus
420 2037 693 2096 migmatum
717 2041 762 2081 et
794 2036 1056 2096 specierum
1088 2034 1347 2095 digestione
1379 2034 1661 2096 compositis,
1693 2047 1787 2079 non

193 2106 317 2167 quod
356 2106 416 2151 sit
454 2105 642 2166 dignum
675 2105 848 2165 aliquid
879 2107 927 2151 in
959 2106 1178 2167 carmine,
1210 2104 1291 2150 sed
1321 2109 1374 2150 ut
1402 2103 1625 2149 lectorem
1657 2117 1785 2149 scru-

191 2182 484 2235 tatoremque
528 2175 668 2221 huius
715 2176 870 2236 operis
916 2181 962 2220 et
1004 2189 1169 2235 poema
1214 2173 1416 2234 pelliciat
1462 2179 1508 2219 et
1553 2173 1784 2233 exoptatio

191 2245 359 2292 blanda
404 2244 633 2291 conciliet.
702 2245 835 2299 Quod
881 2244 1157 2305 opusculum
1202 2245 1250 2289 in
1287 2244 1443 2290 infima
1481 2248 1610 2303 parte
1648 2242 1786 2288 huius
1810 2257 1850 2287 30

194 2315 369 2362 codicis
414 2314 655 2378 collocavi,
701 2321 746 2361 et
790 2321 842 2360 ut
887 2328 1102 2360 sermone
1147 2318 1308 2359 nostro
1353 2326 1494 2373 opera
1538 2311 1651 2358 haec
1698 2311 1819 2358 sol--

193 2385 327 2431 lertia
366 2391 525 2431 nostra
565 2386 819 2446 composita
859 2382 1133 2430 claudantur
1165 2389 1210 2429 et
1241 2397 1387 2443 nugas
1419 2387 1602 2428 nostras
1633 2381 1786 2428 multi-

194 2454 300 2516 plex
339 2455 556 2501 soliorum
595 2454 714 2501 celet
752 2453 975 2500 obiectus.
