1930 3008
837 134 891 140 —
972 104 1213 155 358—

140 232 350 280 108facta
388 233 429 279 si
466 231 669 279 clavellis
700 231 928 296 alligetur,
960 234 1076 279 mire
1107 232 1330 293 proderit.
1384 233 1546 280 Salicis
1579 248 1815 282 ramorum

223 304 481 363 primorum
519 302 592 348 vel
630 317 918 349 summorum
958 304 1157 349 cortices
1188 309 1464 365 exuruntur,
1503 317 1661 351 earum
1697 305 1814 352 cinis

224 387 331 419 cum
369 386 487 433 aqua
524 373 770 433 impositus
808 371 1012 419 clavellis
1050 372 1294 418 confestim
1337 373 1563 420 medetur.

142 451 220 489 109
363 441 474 488 Beta
513 456 619 488 cum
656 441 792 488 melle
830 448 876 488 et
914 456 1021 488 cum
1056 442 1148 488 ficu
1180 442 1306 489 arida
1338 448 1532 489 contusa
1563 449 1701 505 atque
1731 445 1815 491 im·
1870 447 1871 450 ’

223 512 373 572 posita
413 512 627 558 medetur
668 511 891 558 articulis.
1855 529 1876 562 ις

141 591 220 629 110
363 581 431 628 Ad
477 583 677 644 spinam,
723 595 840 642 quae
886 583 1074 642 corpori
1119 583 1302 629 etiamsi
1345 583 1392 628 in
1437 583 1670 643 profundo
1710 582 1815 630 hae-

224 652 353 714 serit‚
391 650 676 697 avellendam
714 651 973 698 remedium
1012 652 1175 698 efficax
1206 653 1294 699 sic:
1330 651 1515 699 Florem
1546 653 1731 714 cineris,
1769 653 1815 700 id

224 728 295 767 est
327 723 641 767 summitatem
674 721 866 784 favillae,
898 720 1087 782 colliges
1119 721 1396 768 nitidissime
1421 729 1596 769 etcum
1620 724 1816 784 axungia

224 797 418 837 contusa
455 790 674 838 miscebis
713 797 849 852 atque
889 792 944 838 ad
982 791 1157 854 locum,
1201 793 1247 838 in
1294 806 1386 853 quo
1426 794 1556 853 spina
1601 792 1817 856 haeserit,

222 860 388 907 leviter
426 860 654 924 alligabis3
693 863 847 908 statim
887 868 967 908 aut
1004 863 1184 923 spinam
1222 863 1369 922 ipsam
1407 862 1608 909 extrahit
1642 869 1722 909 aut
1750 864 1812 910 ita
1837 879 1878 911 10

223 930 278 976 ad
317 932 632 978 summitatem
671 933 792 978 cutis
831 931 1011 994 educet,
1050 938 1102 978 ut
1139 931 1271 978 facile
1310 933 1457 993 possit
1495 931 1640 979 avelli.

418 1025 439 1035 s

851 1084 973 1132 CAP.
1012 1084 1191 1132 XXXV.

219 1173 521 1215 Nervorum
563 1171 705 1214 vitiis
756 1182 818 1215 ao
861 1173 1138 1216 doloribus
1177 1173 1424 1216 omnibus
1462 1176 1515 1217 et
1551 1174 1816 1218 arthritidi

220 1251 282 1284 ac
310 1241 544 1295 paralysi
574 1244 628 1283 et
657 1242 936 1285 doloribus
958 1243 1321 1286 medullarum
1342 1244 1576 1287 remedia.
1597 1244 1816 1298 physica

421 1314 475 1353 et
510 1311 844 1355 rationabilia.
880 1312 1088 1355 diversa.
1123 1314 1191 1355 de
1228 1314 1619 1367 experimenti&

165 1428 185 1464 1
358 1417 523 1465 Nervis
562 1425 615 1465 -et
660 1419 896 1466 arthritidi
940 1420 1082 1481 adeps
1127 1420 1360 1467 vulturina
1406 1435 1513 1467 cum
1552 1421 1656 1468 felle
1694 1423 1815 1469 eius·

221 1488 327 1535 dem
365 1495 411 1535 et
449 1503 556 1535 cum
594 1491 791 1549 axungia
825 1495 980 1536 vetere
1012 1505 1063 1536 ac
1096 1490 1229 1537 melle
1261 1490 1547 1551 malagmatis
1577 1506 1707 1538 more
1738 1492 1813 1538 ad-

163 1567 188 1604 2
219 1559 373 1620 posita
420 1559 649 1605 medetur.
722 1558 981 1606 Nervorum
1028 1560 1162 1607 nodis
1207 1562 1372 1620 capitis
1418 1562 1618 1622 viperini
1662 1564 1815 1608 exusti

222 1630 340 1675 cinis
377 1643 485 1675 cum
523 1627 622 1674 oleo
661 1630 853 1690 cyprino
893 1629 1133 1690 adpositus
1171 1629 1424 1690 plurimum
1462 1631 1667 1690 prodest,
1839 1648 1878 1680 15

165 1708 189 1744 3
362 1697 595 1744 Tremulis
627 1704 673 1744 et
704 1698 874 1758 quibus
904 1702 1036 1745 nervi
1065 1700 1240 1746 infirmi
1271 1705 1380 1746 sunt
1410 1700 1523 1746 utile
1555 1706 1626 1746 est
1655 1700 1814 1748 holera

221 1781 326 1815 cum
373 1782 491 1829 aqua
535 1769 855 1815 tantummodo
901 1769 1091 1816 decocta
1137 1784 1243 1816 cum
1288 1784 1405 1831 pane
1451 1770 1730 1817 manducare
1769 1777 1815 1817 et

221 1837 323 1884 oleo
362 1840 597 1884 castorino
635 1840 684 1884 in
721 1837 884 1885 balneo
923 1839 1115 1886 adsidue
1153 1841 1366 1900 perungi.

162 1917 189 1953 4
360 1907 535 1954 Ranam
582 1907 794 1954 rubetam
840 1915 886 1954 et
931 1909 1080 1970 adipis
1125 1911 1312 1955 ursinae
1358 1936 1426 1942 —-
1463 1908 1525 1955 ΙΙΙ
1573 1924 1679 1956 cum
1725 1909 1815 1956 olei

219 1979 391 2024 veteris
437 1979 651 2024 sextariis
696 1977 848 2024 tribus
893 1979 942 2024 in
980 1978 1067 2025 olla
1105 1979 1210 2025 rudi
1247 1979 1303 2025 ad
1340 1979 1514 2025 medias
1552 1979 1814 2043 decoquito‚
1837 1997 1877 2028 20

219 2047 386 2094 deinde
425 2047 595 2110 colat03
632 2047 749 2095 haec
787 2051 946 2095 unctio
985 2049 1254 2109 frequenter
1291 2048 1494 2095 adhibita
1532 2063 1626 2095 non
1664 2049 1814 2096 solum

218 2131 388 2163 nervos
427 2118 684 2179 confirmat,
723 2118 804 2164 sed
844 2125 890 2165 et
926 2118 1158 2179 paralysin
1196 2118 1380 2179 repellit
1421 2124 1464 2165 et
1501 2120 1728 2179 reprimit.

162 2196 186 2233 5
359 2185 579 2248 Malagma
612 2189 750 2233 etiam
784 2188 839 2234 ad
871 2188 1121 2249 podagram
1152 2197 1198 2234 et
1221 2188 1455 2235 arthritim
1479 2194 1524 2234 et
1548 2187 1602 2234 ad
1627 2203 1813 2235 omnem

218 2256 427 2303 dolorem
474 2264 520 2303 et
564 2259 824 2303 tensionem
863 2272 1112 2304 nervorum
1151 2260 1238 2305 sic:
1291 2258 1615 2304 Ammoniacae
1654 2264 1811 2318 guttae

217 2325 265 2372 P.
298 2326 338 2390 1,
377 2340 510 2372 cerae
549 2326 596 2372 P.
628 2326 669 2389 Ι,
707 2328 931 2388 axungiae
968 2329 1140 2374 veteris
1178 2327 1224 2374 P.
1260 2327 1304 2389 S,
1343 2326 1433 2373 olei
1469 2329 1639 2373 veteris
1677 2327 1726 2375 P.
1758 2327 1811 2391 ΙΙ,
1835 2344 1876 2376 25

217 2395 306 2442 olei
352 2396 534 2443 cedrini
569 2396 617 2443 P.
648 2396 687 2459 Ι,
733 2399 913 2443 rosacei
957 2403 1037 2443 aut
1074 2399 1183 2443 irini
1221 2397 1311 2443 olei
1347 2396 1395 2443 P.
1427 2396 1467 2457 Ι,
1516 2399 1642 2444 croci
1678 2423 1747 2429 ——
1777 2397 1810 2460 Ι,

217 2466 339 2511 Assii
383 2465 549 2526 lapidis
596 2492 661 2498 —
701 2466 741 2529 Ι,
789 2481 967 2528 myrrae
1016 2493 1076 2499 ——
1119 2467 1158 2528 Ι,
1204 2466 1465 2527 aphronitri
1510 2468 1811 2514 semunciam.

216 2534 268 2580 In
305 2535 471 2595 patella
509 2550 626 2582 nova
664 2535 872 2597 liquefiat
909 2538 1106 2598 axungia
1144 2542 1190 2582 et
1228 2550 1333 2582 cera
1372 2550 1478 2582 cum
1517 2535 1617 2583 oleo
1653 2542 1808 2583 vetere

359 2702 379 2738 1
413 2696 579 2752 salicis]
614 2698 668 2749 cf.
692 2698 810 2740 Ptin.
834 2711 877 2740 n.
901 2699 940 2740 h.
965 2702 1042 2750 24,
1069 2703 1135 2740 56.
1308 2702 1358 2738 12
1391 2697 1526 2751 adeps
1561 2697 1807 2740 vulturinus

215 2751 335 2794 Ptin.
452 2757 503 2794 26
535 2752 655 2808 irini]
687 2753 857 2807 cyprini
887 2753 1080 2797 Scribon.
