1930 3008
119 239 171 277 51

110 2188 168 2226 *52

812 64 1260 151 ·--376->

345 229 621 275 Remedium
659 229 715 275 ad
747 229 997 290 podagram
1029 228 1099 274 vel
1129 230 1325 275 maxime
1358 229 1414 276 ad
1443 230 1676 277 arthritim
1707 233 1796 280 sic:

204 299 336 345 Aceti
380 301 545 359 optimi
590 305 815 360 quantum
860 298 1082 360 volueris,
1129 299 1252 359 quod
1289 299 1456 346 melius
1502 302 1610 362 erit,
1656 303 1695 348 si
1740 316 1796 349 ex

204 370 310 414 vino
348 370 547 430 styptico
579 369 735 430 fuerit,
772 368 888 414 telas
919 382 1208 429 aranearum,
1247 382 1364 429 quae
1394 371 1443 415 in
1474 384 1696 431 cupresso
1726 373 1794 418 in-

203 439 470 501 venIuntur,
508 438 621 484 buxi
659 439 950 484 summitates
980 439 1272 484 tenerrimas.
1329 437 1453 485 Haec
1483 441 1531 485 in
1563 439 1650 486 olla
1680 455 1797 487 nova

204 507 445 568 coquenda
485 514 594 554 sunt
631 508 914 568 diutissime3
953 521 1009 554 ex
1041 522 1132 568 quo
1163 513 1294 554 aceto
1324 522 1463 569 posca
1494 510 1796 570 temperanda
1817 525 1840 558 5

203 577 339 638 paulo
385 579 538 623 acrior
583 591 720 638 quam
758 577 814 623 ad
852 576 1128 638 bibendum,
1172 591 1228 623 ex
1265 592 1356 638 qua
1393 592 1534 639 posca
1570 579 1643 625 vel
1679 579 1796 626 cale-

202 647 322 693 facta
358 646 432 692 vel
469 647 657 709 frigida,
695 652 836 707 prout
873 661 1011 693 causa
1050 646 1375 709 postulaverit,
1421 647 1610 694 lavanda
1655 663 1798 696 mem-

202 716 306 777 bra,
350 716 440 762 hoc
486 723 558 763 est
595 716 752 763 arthra
790 716 861 762 vel
898 718 1166 779 iuncturae,
1204 731 1321 778 quae
1360 717 1539 780 dolent,
1581 726 1627 765 et
1664 718 1797 765 deor-

203 800 326 847 sum,
378 785 426 832 id
479 791 551 832 est
595 801 702 832 cum
745 800 933 832 umeros
978 785 1050 833 vel
1094 786 1249 833 cubita
1292 786 1479 849 laveris,
1530 788 1586 834 ad
1632 802 1796 835 manus

203 870 407 902 summas
453 855 524 901 vel
570 856 624 902 ad
671 856 813 916 pedes
867 870 1071 902 summos
1125 856 1509 917 destringendum
1561 857 1860 905 deducen-1o

202 925 407 986 dumque
446 925 756 987 medicamen,
802 932 963 986 postea
1003 940 1113 972 vero
1154 940 1291 987 quam
1327 926 1413 973 hac
1451 941 1591 987 posca
1628 927 1795 974 laveris

203 994 425 1057 membra,
457 1009 573 1056 quae
604 994 746 1040 lavari
776 1009 967 1042 necesse
999 1001 1084 1058 est,
1123 995 1326 1056 adpones
1361 995 1569 1059 herbam,
1600 1011 1717 1058 quae
1747 999 1797 1044 in

202 1079 349 1126 aquae
379 1066 501 1125 iugis
532 1065 988 1125 decursulnascitur,
1021 1079 1158 1125 quam
1182 1064 1344 1111 Latine
1368 1065 1591 1128 berulam,
1622 1066 1796 1113 Graece

202 1134 501 1181 cardaminen
552 1140 738 1196 vocant3
789 1134 903 1180 haec
956 1133 1203 1194 diligenter
1254 1141 1482 1195 purgatur
1535 1142 1582 1182 et
1625 1137 1797 1183 teneri-

201 1203 315 1250 tudo
355 1205 457 1249 eius
488 1204 702 1250 tunditur
734 1210 780 1250 et
810 1205 872 1250 ita
904 1203 976 1249 vel
1006 1204 1161 1265 tepida
1192 1204 1263 1250 vel
1295 1204 1474 1267 frigida,
1505 1212 1646 1266 prout
1676 1206 1794 1252 salu·
1818 1221 1859 1253 15

202 1273 334 1319 brius
381 1279 471 1334 est,
518 1273 693 1319 dolenti
738 1275 786 1319 in
830 1273 1020 1320 modum
1067 1273 1406 1334 cataplasmatis
1449 1274 1699 1336 adponitur
1749 1281 1797 1322 et

202 1343 276 1389 die
315 1342 387 1389 bis
425 1349 504 1389 aut
540 1349 613 1389 ter
650 1343 721 1389 vel
759 1345 977 1404 quotiens
1009 1344 1175 1389 siccari
1205 1346 1413 1404 coeperit
1442 1345 1662 1391 mutanda
1694 1347 1796 1392 erit.

202 1412 330 1467 Quae
371 1414 410 1459 si
444 1412 665 1458 ruborem
699 1413 876 1475 fecerit,
914 1419 1026 1459 tunc
1057 1415 1203 1474 magis
1232 1414 1466 1474 profuisse
1497 1414 1795 1476 intelligetur.

200 1481 528 1529 Adhibendum
566 1482 735 1529 dehinc
773 1497 1022 1544 parygrum
1054 1489 1264 1529 cerotum
1295 1484 1414 1530 infra
1445 1486 1673 1546 scriptum
1703 1486 1789 1532 sic:

200 1552 449 1612 Cerussae,
489 1566 680 1613 spumae
719 1554 921 1615 argenti,
959 1567 1094 1598 cerae
1131 1552 1355 1615 Punicae,
1393 1553 1483 1599 olei
1520 1556 1664 1617 rosei,
1703 1554 1792 1601 olei
1815 1569 1858 1599 20

198 1621 373 1684 mollis,
417 1621 632 1668 lacrimas
677 1636 883 1669 ovorum.
949 1622 1128 1668 Horum
1173 1625 1380 1669 omnium
1424 1623 1632 1683 pondera
1676 1639 1794 1685 quae

198 1691 429 1753 placuerit
472 1691 710 1754 miscebis3
754 1692 922 1738 modus
967 1693 1090 1738 enim
1135 1706 1227 1738 non
1273 1698 1344 1738 est
1381 1692 1611 1740 definitus.
1678 1693 1794 1740 Cera

199 1763 403 1822 primum
448 1763 497 1807 in
543 1761 643 1807 oleo
682 1761 808 1808 molli
845 1762 1020 1808 ferveat
1057 1767 1150 1808 tam
1193 1761 1292 1823 diu,
1331 1763 1478 1809 donec
1516 1764 1794 1826 stringatur3

198 1836 360 1892 postea
403 1830 643 1892 pulverem
689 1845 829 1892 supra
875 1833 1154 1892 scriptarum
1194 1833 1455 1893 specierum
1495 1833 1794 1895 superaddes,

198 1900 367 1947 deinde
406 1901 561 1947 oleum
599 1915 787 1947 roseum
824 1901 895 1947 vel
933 1901 1146 1947 lacrimas
1186 1915 1378 1948 ovorum
1414 1902 1694 1950 admiscebis
1724 1908 1789 1949 at·
1813 1917 1854 1949 25

199 1985 290 2031 que
334 1972 399 2016 ita
444 1970 563 2016 bene
609 1973 775 2031 agitata
822 1978 868 2017 et
910 1972 1052 2017 mixta
1097 1972 1249 2017 omnia
1295 1971 1647 2032 subcoquantur
1683 1974 1793 2033 igni.

198 2039 333 2094 Quod
379 2040 667 2086 medicamen
704 2043 982 2102 repositum,
1021 2055 1126 2087 cum
1165 2055 1359 2087 necesse
1404 2044 1519 2104 erit,
1563 2043 1611 2088 in
1649 2041 1793 2089 linteo

198 2109 386 2156 inlitum
424 2109 647 2156 membris
686 2110 951 2156 dolentibus
989 2110 1261 2171 adponetur.

340 2178 535 2239 Farinae
566 2181 776 2226 triticeae
809 2178 857 2226 3
882 2194 1042 2242 unum,
1074 2179 1211 2242 amyli
1241 2181 1400 2226 uncias
1432 2186 1624 2242 septem,
1657 2195 1790 2227 cerae

200 2250 361 2295 uncias
394 2256 586 2311 septem,
621 2248 711 2296 olei
742 2251 922 2296 rosacei
952 2255 1139 2311 aestate,
1179 2249 1332 2295 hieme
1363 2256 1515 2296 autem
1547 2249 1637 2295 olei
1668 2265 1789 2296 com·
1813 2266 1856 2296 30

198 2320 354 2364 munis
392 2316 440 2365 8
472 2317 491 2363 Ι
527 2318 758 2381 Italicum3
804 2334 913 2365 sane
958 2326 1010 2366 ut
1053 2321 1206 2381 passio
1244 2321 1343 2380 ipsa
1381 2319 1453 2365 vel
1490 2319 1684 2365 calidius
1720 2319 1793 2366 vel

197 2388 414 2448 frigidius
461 2388 849 2435 medicamentum
894 2390 1047 2450 poscit
1090 2389 1212 2451 fieri,
1257 2391 1319 2435 ita
1357 2389 1511 2434 facias.
1577 2388 1792 2435 Farinam

198 2464 304 2504 ante
344 2458 466 2504 diem
503 2458 704 2504 infusam
735 2460 783 2504 in
815 2473 960 2519 aquae
993 2457 1041 2505 3
1072 2458 1282 2505 Italicum
1315 2472 1579 2518 concoques
1610 2458 1666 2504 ad
1696 2473 1791 2505 mo-

198 2526 309 2572 dum
347 2527 510 2589 glutis,
554 2533 716 2588 postea
754 2527 954 2590 amylum
994 2530 1242 2589 separatim
1281 2529 1443 2574 tritum
1481 2529 1528 2573 in
1567 2529 1790 2574 mortario

198 2602 247 2641 et
290 2611 443 2642 ceram
489 2599 730 2643 remissam
777 2599 825 2643 in
870 2598 970 2644 oleo
1017 2599 1317 2659 supermittes
1363 2603 1409 2643 et
1453 2597 1592 2643 simul
1637 2599 1790 2644 omnia
1813 2611 1852 2644 35

198 2665 445 2725 diligenter
491 2673 614 2712 teres
669 2673 715 2713 et
767 2682 872 2714 cum
927 2681 1043 2728 opus
1094 2668 1258 2728 fuerit,
1306 2666 1510 2726 adpones
1555 2668 1603 2713 in
1647 2667 1790 2713 linteo

196 2734 429 2795 podagrae
469 2734 674 2782 cuilibet.
