1898 3016
730 136 1106 186 —241—

258 265 490 312 Corticein
529 264 775 325 caprificus
812 263 991 311 arboris
1036 263 1253 310 detrahes
1300 270 1346 310 et
1390 263 1500 310 dum
1545 278 1712 311 recens

118 342 188 383 est
235 335 291 381 ad
338 334 547 396 splenem
593 333 664 380 vel
709 335 847 380 etiam
886 335 926 380 si
963 347 1080 395 opus
1119 333 1262 379 fuerit
1306 332 1361 379 ad
1399 335 1530 380 iecur
1567 348 1713 394 pones

119 412 165 452 et
201 404 283 452 ubi
319 411 475 451 tumor
513 405 608 450 sive
641 403 837 450 durities
868 402 1042 464 splenis
1073 402 1144 449 vel
1174 404 1344 449 iecoris
1375 404 1478 464 erit,
1515 403 1581 450 ibi
1613 418 1712 450 cor-

118 477 259 522 ticem
304 474 480 521 diutius
518 472 800 536 continebiS,
845 473 1011 519 deinde
1042 474 1090 519 in
1128 473 1255 519 fumo
1294 486 1394 519 eam
1433 473 1712 535 suspendes3

78 558 98 590 5
123 544 246 606 quod
291 558 399 591 cum
440 544 606 604 facies,
650 542 857 604 rogabis,
902 550 952 589 ut
1000 544 1122 589 sicut
1166 549 1326 588 cortex
1370 541 1447 588 ille
1491 542 1714 603 paulatim

117 615 245 661 fumo
284 615 486 660 siccatus
523 614 714 674 arescit,
761 613 827 659 sic
873 611 1004 673 splen
1041 611 1113 658 vel
1154 613 1286 658 iecur
1323 610 1577 659 laborantis
1615 627 1712 659 are-

118 690 229 730 scat.
302 682 427 730 Haec
465 689 620 729 autem
658 696 733 728 res
771 687 954 728 tantum
991 682 1130 743 valet,
1172 689 1225 728 ut
1262 683 1302 727 si
1340 681 1506 728 catulis
1544 697 1712 729 recens

117 755 237 800 natis
276 753 366 815 fiat,
405 751 621 798 dicantur
658 752 847 797 omnino
886 765 978 797 non
1018 765 1246 798 crescere.

257 821 424 883 Cyperi
454 818 580 882 drag.
603 820 674 880 VI,
705 820 876 867 radicis
907 835 1024 882 quae
1055 820 1365 867 manducatur
1396 822 1588 867 seminis
1613 836 1714 883 cya—

55 907 96 938 10
117 892 250 939 thum
295 904 442 938 unum
485 904 771 952 propensum
818 904 925 936 cum
973 904 1119 951 aquae
1165 892 1380 936 sextariis
1417 890 1570 937 tribus
1608 899 1714 937 ante

118 962 241 1008 diem
270 961 438 1007 infusis
468 962 517 1006 in
547 959 635 1006 olla
666 974 781 1006 nova
814 960 868 1006 ad
898 962 1060 1006 tertias
1094 960 1343 1022 decoques,
1373 966 1534 1021 postea
1566 962 1715 1021 ipsam

117 1045 283 1092 aquam
321 1030 568 1091 potandam
606 1030 784 1076 lienoso
821 1031 979 1076 ieiuno
1018 1044 1102 1090 per
1141 1029 1350 1076 triduum
1399 1029 1550 1093 dabis,
1597 1032 1714 1076 mire

118 1100 379 1147 subvenies.

260 1169 310 1215 Si
348 1171 452 1230 quis
490 1183 660 1230 agnum
698 1183 863 1215 recens
910 1174 1070 1214 natum
1112 1168 1357 1215 confestim
1394 1169 1609 1216 manibus
1649 1169 1713 1216 di-

58 1253 99 1284 15
120 1238 257 1285 vellat
287 1238 549 1300 lienemque
583 1239 698 1298 eiUS,
728 1238 809 1284 ubi
841 1239 1108 1300 extraxerit,
1141 1237 1340 1284 calidum
1374 1253 1516 1299 super
1546 1239 1715 1285 lienem

122 1309 323 1355 dolentis
360 1310 554 1369 inponat
593 1322 644 1354 ac
683 1309 823 1354 fascia
864 1308 973 1368 liget
1010 1315 1057 1354 et
1087 1307 1211 1354 dicat
1241 1307 1456 1354 adsidue:
1494 1307 1717 1355 Remedio

120 1378 257 1424 lienis
295 1378 427 1439 facio,
467 1385 653 1438 postera
692 1377 766 1423 die
805 1377 1038 1423 sublatum
1076 1377 1133 1423 de
1172 1391 1370 1437 corpore
1409 1379 1510 1424 eius
1548 1380 1719 1439 parieti

121 1447 345 1509 cubiculi,
390 1449 438 1494 in
478 1462 569 1508 quo
607 1447 815 1494 lienosus
853 1447 1057 1492 dormire
1096 1447 1261 1493 solitus
1302 1454 1394 1508 est,
1443 1447 1540 1494 luto
1585 1450 1718 1508 prius

119 1517 268 1579 inlito,
298 1524 350 1563 ut
377 1517 572 1563 haerere
603 1518 765 1579 possit,
796 1519 988 1577 inponat
1018 1522 1155 1577 atque
1187 1517 1341 1576 ipsum
1373 1516 1524 1563 lutum
1556 1520 1718 1578 viginti

57 1601 98 1632 20
125 1593 303 1647 septem
349 1586 600 1647 signaculis
647 1588 798 1647 signet
842 1586 897 1631 ad
946 1585 1124 1646 singula
1165 1586 1346 1632 dicens:
1400 1586 1531 1632 Lieni
1570 1601 1717 1634 reme·

121 1656 248 1702 dium
299 1656 439 1718 facio,
483 1656 571 1702 hoc
615 1655 705 1702 tale
750 1655 1010 1702 remedium
1057 1657 1096 1701 si
1140 1662 1213 1701 ter
1258 1655 1443 1719 fecerit,
1489 1658 1536 1702 in
1583 1671 1718 1703 omne

119 1732 306 1786 tempus
330 1725 561 1771 lienosum
587 1727 797 1786 quamvis
820 1725 1059 1771 infirmum
1088 1732 1134 1771 et
1157 1725 1499 1785 periclitantem
1524 1726 1719 1773 sanabit.

261 1795 327 1841 Ad
375 1795 583 1855 splenem
637 1795 896 1841 remedium
940 1794 1188 1855 probatum
1233 1796 1323 1842 sic:
1382 1795 1604 1856 Capparis
1649 1803 1720 1843 est

121 1864 265 1910 herba
311 1864 382 1910 vel
426 1865 674 1925 leguminis
720 1878 889 1927 genus,
942 1879 1047 1910 nam
1102 1864 1261 1925 lupino
1306 1864 1481 1911 similes
1527 1866 1718 1927 siliquas

60 1947 101 1978 25
124 1934 287 1995 adfert,
326 1936 534 1980 nascitur
571 1935 619 1979 in
657 1933 772 1980 locis
811 1935 1008 1996 saxosis;
1045 1934 1186 1980 huius
1217 1934 1423 1980 radicem
1454 1934 1643 1996 colliges
1674 1944 1720 1982 et

123 2003 271 2049 findes
309 2004 357 2048 in
394 2010 550 2065 partes
589 2003 718 2065 duas,
750 2017 946 2064 quarum
981 2018 1119 2049 unam
1151 2003 1347 2050 siccabis
1372 2019 1424 2050 ac
1455 2006 1719 2052 minutatim

123 2072 341 2119 concides
387 2080 433 2119 et
470 2074 626 2119 mittes
663 2075 710 2119 in
749 2072 888 2133 pilam
926 2073 1124 2133 ligneam
1163 2078 1301 2134 atque
1339 2073 1432 2119 illic
1471 2073 1719 2135 diligenter

122 2142 316 2204 tundes3
348 2142 514 2188 deinde
546 2144 591 2188 in
626 2142 762 2188 ollam
789 2143 954 2189 rudem
979 2144 1151 2189 coicies
1175 2148 1222 2188 et
1245 2157 1352 2189 cum
1375 2145 1496 2189 aceti
1518 2143 1719 2190 heminis

122 2212 274 2258 tribus
298 2212 353 2257 ad
374 2214 535 2258 tertias
560 2212 795 2273 decoques
819 2218 865 2259 et
888 2211 1062 2258 colabis
1086 2219 1225 2272 atque
1243 2213 1350 2258 inde
1368 2214 1524 2259 ieiuno
1542 2211 1718 2260 lienoso

62 2296 103 2325 30
126 2282 331 2342 singulas
363 2284 576 2342 potiones
609 2284 776 2328 mixtas
800 2281 1025 2328 bibendas
1049 2296 1133 2342 per
1158 2288 1335 2342 septem
1360 2282 1459 2328 dies
1483 2283 1614 2329 dabis
1642 2283 1720 2329 ob-

125 2359 409 2414 servaturus,
445 2366 502 2397 ne
533 2366 618 2413 per
648 2351 752 2397 illos
785 2351 884 2397 dies
918 2365 1141 2412 umquam
1171 2351 1384 2412 frigidam
1417 2358 1496 2398 aut
1527 2353 1720 2399 calidam

127 2434 291 2480 aquam
315 2420 456 2484 bibat,
481 2421 562 2467 sed
587 2421 907 2468 tantummodo
926 2423 1083 2467 vinum
1100 2426 1235 2467 vetus
1250 2423 1445 2467 mixtum
1463 2436 1720 2485 meracuin3

126 2495 304 2550 partem
336 2505 447 2536 vero
479 2491 715 2537 dimidiam
739 2490 911 2537 radicis
935 2490 1060 2536 illius
1083 2490 1177 2536 lino
1203 2488 1367 2551 ligabis
1392 2498 1437 2537 et
1461 2491 1514 2537 ad
1541 2492 1719 2538 fumum

128 2559 384 2619 suspendes
423 2566 560 2620 atque
597 2561 712 2622 illic,
752 2561 899 2606 donec
938 2562 1250 2622 persiccetur,
1289 2575 1477 2607 manere
1515 2563 1721 2622 patieris.

269 2668 291 2705 7
325 2665 506 2707 catulus.
623 2671 647 2708 9
681 2680 841 2709 semen.
962 2671 1010 2708 11
1043 2666 1310 2720 dequoques,
1429 2672 1479 2709 12
1514 2667 1719 2709 ieiunum.

131 2725 179 2761 17
211 2722 386 2773 postero
419 2720 668 2764 Gorna-o‘ius.
812 2727 866 2764 30
903 2722 1084 2777 mixtas]
1124 2723 1288 2764 mittas.
1433 2722 1721 2766 observaturo

130 2774 380 2817 Coo-narius.
496 2782 549 2818 34
578 2778 773 2831 patiaris.

211 2853 458 2893 Burmannus,
479 2862 539 2886 πυ.
562 2855 804 2887 ΗΓ-ὡῃιιῑπῐοεῑ.
1418 2852 1468 2889 16

1743 273 1796 313 68

1745 832 1797 870 69

1747 1180 1798 1218 70

1751 1806 1803 1844 71
