1898 3016
87 219 252 264 simum
284 215 469 262 redacta
501 218 731 277 permisce
763 223 901 277 atque
933 216 982 262 in
1012 214 1177 262 balneo
1213 215 1410 262 ferventi
1440 217 1501 261 ita
1531 221 1678 277 utere,

86 294 136 334 ut
173 287 357 332 tertiam
394 292 572 346 partem
612 286 816 347 pulveris
846 285 902 332 de
935 299 1075 346 supra
1113 286 1286 346 scripta
1320 300 1536 332 mensura
1574 299 1676 346 spe-

88 357 264 403 cierum
301 356 458 401 mittas
496 357 543 401 in
582 363 722 416 caput
759 362 805 402 et
842 355 1070 416 perfrices
1108 354 1186 401 diu
1227 369 1279 400 ac
1318 354 1585 417 diligenter,
1626 362 1678 401 ut

84 439 169 487 per
213 424 431 471 sudorem
477 425 683 487 digeras3
733 431 894 486 postea
939 439 1057 486 aqua
1101 424 1257 485 tepida
1294 423 1418 470 laves
1456 431 1596 484 caput
1633 431 1680 471 et

44 496 134 541 sin
179 494 390 554 frigidam
435 508 617 555 mergas
663 501 709 540 et
754 509 912 541 crasso
958 494 1129 540 sabano
1174 493 1422 554 diligenter
1467 491 1678 540 siccabis.

85 564 152 611 Ad
191 570 397 610 reumata
434 566 619 625 capitis:
676 563 865 626 Talpam
913 565 961 610 in
1007 579 1113 610 vaso
1159 564 1290 610 fictili
1334 563 1490 610 clauso
1529 565 1591 609 ita
1629 565 1678 609 in

86 634 223 681 furno
259 639 452 695 torreto,
490 640 541 679 ut
578 635 908 680 tenuissimum
946 633 1187 694 pulverem
1226 647 1281 679 ex
1320 647 1372 679 ea
1407 633 1562 694 facias,
1600 634 1679 680 cui

86 703 227 750 addes
274 702 512 764 pulverem
557 705 731 764 piperis
777 703 867 749 albi
912 718 967 749 ex
1009 704 1167 764 granis
1205 703 1366 749 decem
1406 711 1451 749 et
1489 710 1593 749 octo
1632 709 1679 749 et

86 772 295 820 cocleare
334 787 476 820 unum
516 773 574 819 de
611 788 724 819 suco
763 774 915 819 ocimi.
975 772 1038 819 De
1072 787 1163 834 quo
1195 773 1499 819 medicamine
1532 772 1678 834 dabis,

25 856 64 888 ιο
85 844 162 890 cui
197 842 475 889 medendum
514 845 617 905 erit,
654 845 701 889 in
738 844 927 903 potione
962 844 1055 888 vini
1088 844 1258 888 veteris
1290 842 1436 888 calida
1466 841 1677 888 cocleare

86 927 242 974 unum,
279 913 341 958 ita
382 919 433 959 ut
468 914 516 959 in
553 912 731 970 balneo,
770 914 818 958 in
856 927 948 973 quo
983 926 1237 973 numquam
1269 911 1378 958 lavit
1412 926 1499 957 nec
1528 911 1678 958 lautu·

86 996 167 1029 rus
213 984 292 1044 sit,
337 983 384 1028 in
431 982 544 1029 solio
590 982 847 1029 remedium
893 983 1090 1042 accipiat
1134 989 1180 1028 et
1220 983 1496 1042 interposito
1536 981 1678 1027 biduo

85 1051 276 1098 alternis
312 1053 484 1099 iterum
521 1054 730 1113 accipiat.
799 1052 890 1098 Sed
929 1053 1006 1098 cui
1043 1051 1249 1098 remedio
1287 1065 1406 1111 opus
1445 1057 1535 1112 est,
1575 1050 1680 1096 XIX

86 1122 231 1167 ferme
281 1121 446 1168 diebus
489 1124 700 1182 porcina,
752 1121 1004 1183 liquamine
1057 1128 1104 1168 et
1150 1120 1385 1167 holeribus
1434 1120 1677 1167 abstineat.

24 1202 64 1234 15
87 1191 153 1236 Ad
191 1191 312 1237 idem
351 1191 634 1238 trochiscus:
675 1192 812 1238 Croci
849 1191 1091 1238 drachmas
1129 1191 1264 1252 duas,
1302 1204 1484 1251 myrrae
1526 1215 1590 1222 —-—
1623 1189 1679 1252 ΙΙ,

87 1260 347 1306 chalcanthi
381 1286 440 1293 —-
466 1261 521 1322 Il,
558 1262 729 1322 cymini
753 1287 815 1294 -—
841 1260 894 1318 ΙΙ,
926 1263 1002 1321 opi
1043 1260 1287 1306 drachmas
1317 1259 1372 1321 11,
1403 1261 1525 1306 turis
1560 1285 1618 1291 —
1646 1259 1680 1320 Ι,

89 1332 470 1410 crocomagmatis
516 1330 759 1377 drachmas
800 1330 862 1392 II,
915 1330 1130 1376 aluminis
1180 1331 1315 1376 scissi
1351 1355 1418 1362 —-
1449 1328 1480 1375 Ι.
1553 1328 1678 1375 Haec

89 1401 241 1445 omnia
286 1401 484 1446 contrita
528 1401 847 1447 austerissimo
884 1402 990 1446 vino
1028 1399 1355 1460 permiscebis,
1404 1405 1456 1445 ut
1493 1400 1587 1444 sint
1623 1398 1679 1444 ad

41 1469 446 1515 crassitudinem
478 1469 640 1531 mellis,
672 1477 717 1516 et
747 1470 854 1516 inde
885 1470 1087 1515 frontem
1118 1469 1394 1515 densissime
1419 1468 1680 1529 superlines

25 1549 67 1580 so
90 1553 237 1599 usque
275 1538 331 1584 ad
369 1538 578 1601 capillos,
621 1540 887 1585 intermissa
926 1540 1090 1585 semita
1128 1553 1270 1599 super
1308 1552 1494 1600 nasum3
1545 1551 1676 1599 prae-

86 1607 215 1654 cluso
261 1609 383 1653 enim
428 1610 617 1670 itinere,
667 1609 790 1670 quod
843 1609 898 1654 ad
951 1608 1112 1655 oculos
1165 1610 1319 1655 umori
1366 1614 1525 1668 patere
1571 1621 1678 1653 con-

87 1683 320 1739 sueverat,
365 1679 483 1724 viam
527 1679 690 1741 facies,
736 1693 825 1739 qua
871 1678 927 1724 de
973 1678 1168 1724 cerebro
1213 1692 1297 1739 per
1341 1691 1479 1724 nares
1525 1676 1679 1723 fluxus

86 1748 236 1792 omnis
268 1754 461 1808 emanat,
499 1755 545 1794 et
580 1747 690 1794 hinc
728 1755 984 1809 perpetuus
1023 1748 1250 1795 decursus
1289 1748 1382 1810 fiet,
1421 1762 1512 1808 quo
1552 1761 1678 1793 umo-

88 1830 163 1862 res
209 1815 448 1862 oculorum
494 1816 549 1862 ab
594 1819 720 1863 omni
756 1818 1057 1864 inundatione
1097 1819 1345 1864 siccentur.
1413 1816 1510 1862 Hac
1548 1831 1680 1863 cura·

24 1897 65 1928 25
87 1876 297 1932 tione‘in
336 1893 613 1946 perpetuum
652 1887 879 1948 lippitudo
918 1886 1246 1934 removebitur.
1315 1886 1405 1932 Sed
1437 1886 1523 1947 his,
1561 1900 1678 1947 quos

87 1956 281 2001 nimium
318 1969 478 2002 reuma
524 1958 699 2002 umoris
745 1957 950 2019 urgebit,
996 1972 1051 2002 ex
1097 1962 1227 2003 aceto
1273 1957 1370 2003 acri
1413 1956 1678 2002 trochiscus

88 2038 227 2085 supra
272 2026 474 2085 scriptus
518 2027 784 2086 inponatur.
849 2027 918 2072 Ad
956 2026 1291 2072 destillationes
1329 2026 1676 2087 perfrictiones-

88 2108 176 2155 que
215 2100 262 2140 et
299 2095 592 2155 gravedines:
662 2095 938 2156 Cyclaminis
975 2095 1160 2158 herbae,
1199 2110 1316 2157 quae
1354 2095 1516 2142 Latine
1556 2095 1677 2142 orbi-

89 2163 258 2210 cularis
310 2164 505 2227 dicitur,
560 2165 764 2211 radicem
818 2180 958 2226 supra
1011 2165 1237 2212 carbones
1289 2165 1475 2212 cultello
1529 2165 1703 2211 radito·

25 2244 64 2275 30
89 2233 358 2294 fumumque
391 2235 490 2280 eius
522 2237 720 2281 ramenti
750 2235 942 2282 naribus
971 2235 1158 2282 trahito.
1210 2234 1483 2296 Hyoscyami
1515 2235 1676 2280 drach-

87 2317 184 2349 mas
229 2303 362 2364 duas,
407 2305 499 2364 apii
543 2307 732 2351 seminis
778 2305 896 2351 bene
938 2307 1122 2366 purgati
1160 2304 1404 2351 drachmas
1443 2311 1677 2365 quattuor,

88 2372 243 2418 anethi
286 2372 404 2419 bene
449 2376 634 2435 purgati
678 2374 945 2421 drachmam
984 2389 1144 2436 unam,
1183 2376 1277 2436 opii
1313 2374 1496 2435 pondus
1535 2376 1678 2420 victo-

88 2443 192 2488 riati
235 2444 443 2504 argentei
487 2446 648 2506 unius,
698 2444 813 2491 haec
865 2446 1017 2491 omnia
1073 2446 1182 2491 trita
1235 2451 1281 2490 et
1326 2443 1526 2490 cribrata
1574 2458 1677 2504 per-

88 2512 280 2558 misceto
326 2518 372 2558 et
409 2527 465 2558 ex
502 2528 620 2574 aqua
658 2514 865 2575 pastillos
904 2521 1163 2574 temperato
1202 2522 1339 2575 atque
1379 2528 1433 2560 ex
1473 2513 1546 2559 his
1584 2515 1676 2559 sin—

29 2589 69 2622 35
91 2580 222 2640 gulos
259 2583 307 2627 in
338 2596 482 2643 aquae
514 2583 688 2630 calidae
719 2584 894 2646 cyathis
925 2584 1122 2646 duobus,
1161 2598 1267 2630 cum
1298 2584 1549 2630 dormitum
1580 2583 1678 2645 ibit,

90 2652 164 2696 cui
204 2651 480 2698 medendum
518 2654 627 2715 erit,
675 2656 806 2714 potui
844 2655 962 2701 dato.
1029 2654 1250 2700 Eiusdem
1288 2653 1459 2700 herbae
1498 2653 1679 2700 radices

92 2720 131 2765 si
176 2719 494 2781 decoquantur
543 2737 777 2785 sucusque
824 2738 983 2771 earum
1029 2723 1083 2770 ad
1130 2723 1486 2770 crassitudinem
1530 2722 1678 2769 mellis
