1898 3016
798 101 1180 151 ——217—

330 233 437 279 Lini
474 233 666 279 seminis
705 238 750 278 et
781 231 1076 292 faenograeci
1107 236 1153 277 et
1183 227 1375 275 feniculi
1405 227 1579 274 farinae
1612 223 1871 286 singuli131

139 299 142 302 ’
193 304 383 350 sextarii
428 317 535 349 cum
580 316 699 363 aqua
745 301 891 348 mulsa
937 300 1118 347 decocti
1167 305 1213 346 et
1256 300 1305 344 in
1349 312 1503 358 panno
1549 294 1787 343 stomacho

191 372 422 420 laboranti
466 379 512 419 et
560 371 817 419 visceribus
861 370 992 417 duris
1038 370 1238 431 adpositi
1281 367 1536 429 plurimum
1575 371 1787 427 prosunt.

331 442 401 488 Ad
439 457 540 504 eos,
579 456 697 503 quos
734 441 890 488 subito
927 439 1097 501 linquit
1134 440 1316 486 animus
1354 443 1399 484 et
1438 436 1609 498 quibus
1646 448 1780 480 mens
1794 442 1872 481 132

150 526 171 558 5
194 511 422 559 alienatur
459 519 539 558 aut
576 513 754 571 vertigo
787 517 872 571 est,
908 510 1091 556 cocleae
1123 523 1230 556 cum
1261 509 1359 554 suis
1389 508 1524 553 testis
1554 507 1692 552 tritae
1722 506 1790 550 in-

193 588 351 629 coctae
395 583 459 628 ita
501 581 671 628 dantur
706 595 792 641 per
829 580 929 626 dies
968 581 1195 641 quinque,
1239 583 1293 625 ut
1334 578 1485 638 prima
1523 575 1597 622 die
1635 573 1791 620 coclea

192 666 285 699 una
323 666 429 698 cum
465 652 592 712 passi
628 650 792 712 cyatho
830 649 1032 710 potanda
1071 649 1232 710 detur,
1276 647 1363 694 alia
1408 646 1482 693 die
1529 645 1645 692 duae
1684 658 1791 690 cum

193 721 377 768 duobus
415 720 606 782 cyathis,
643 721 779 766 tertia
820 719 894 765 die
931 725 1029 765 tres
1068 733 1174 765 cum
1211 717 1364 764 tribus
1396 715 1588 778 cyathis,
1627 719 1792 776 quarta

195 790 268 838 die
293 791 410 838 duae
435 805 542 837 cum
566 788 750 836 duobus
768 788 960 851 cyathiS,
985 790 1146 849 quinta
1163 788 1237 834 die
1255 801 1346 834 una
1364 801 1472 833 cum
1495 784 1660 847 cyatho
1683 798 1791 830 uno.

131 874 174 906 10
336 859 468 906 Potio
507 860 828 906 efficacissima
866 858 1094 905 stomachi
1130 857 1338 903 remedio
1376 858 1465 903 sic:
1506 855 1612 915 Apii
1650 854 1784 900 semi·
1798 862 1876 900 133

193 931 266 976 nis
306 927 426 990 drag.
458 928 536 992 VI,
574 928 838 991 petrosilini
875 925 1000 988 drag.
1032 927 1139 990 1111,
1180 928 1334 988 spicae
1372 925 1507 972 nardi
1543 921 1666 985 dra}
1696 922 1793 985 IIII,

194 1014 376 1061 myrrae
415 997 540 1061 drag.
569 998 666 1061 1111,
702 1000 881 1059 piperis
911 999 1037 1059 longi
1068 994 1189 1057 drag.
1226 996 1275 1042 V.
1336 995 1546 1042 Contrita
1575 995 1795 1040 universa

194 1069 310 1116 haec
349 1069 595 1130 diligenter
632 1070 680 1115 in
718 1083 863 1115 unum
902 1070 1174 1130 miscentur,
1211 1066 1380 1113 deinde
1414 1065 1615 1111 adicitur
1643 1062 1795 1109 mellis

197 1140 362 1200 optimi
398 1139 661 1199 despumati
691 1139 815 1199 quod
847 1140 958 1184 satis
990 1140 1050 1184 sit
1080 1143 1219 1199 atque
1250 1138 1299 1182 in
1329 1150 1437 1181 vaso
1469 1136 1616 1181 vitreo
1652 1135 1793 1179 mixta

133 1220 173 1251 15
197 1216 463 1271 servantur3
508 1209 616 1254 inde
661 1222 769 1254 cum
813 1222 931 1268 opus
978 1208 1120 1254 fuerit
1157 1212 1264 1268 post
1299 1205 1516 1251 balneum
1555 1201 1682 1264 drag.
1712 1201 1796 1249 1111

197 1285 276 1325 aut
314 1280 453 1325 etiam
490 1280 667 1339 minus,
706 1279 747 1323 si
783 1278 1012 1323 infirmior
1050 1278 1140 1322 erit
1179 1278 1260 1337 qui
1297 1281 1575 1335 accepturus
1613 1280 1699 1337 est,
1740 1287 1796 1319 ex

196 1362 315 1409 aqua
353 1347 499 1394 calida
537 1347 609 1393 vel
647 1362 703 1393 ex
742 1347 891 1393 mulso
929 1348 978 1392 in
1015 1348 1204 1407 potione
1242 1344 1492 1391 dabuntur.
1641 1390 1643 1394 ,

335 1418 472 1464 Porri
503 1418 693 1478 capitati
724 1418 906 1463 excocti
935 1418 983 1462 in
1014 1416 1119 1462 cibo
1151 1417 1327 1476 sumpti
1357 1428 1464 1461 cum
1488 1419 1619 1460 aceto
1643 1412 1785 1474 pluri·
1800 1417 1880 1455 134

194 1501 324 1534 mum
361 1493 562 1548 prosunt
599 1486 837 1533 stomacho
875 1486 1118 1532 laboranti.
1184 1485 1370 1531 Urticae
1410 1498 1569 1530 semen
1602 1487 1879 1530 coctum135

133 1569 174 1600 20
196 1558 322 1604 iuvat
360 1556 671 1618 stomachum,
716 1557 756 1602 si
802 1570 909 1602 cum
955 1570 1075 1616 pane
1121 1554 1430 1601 manducetur
1467 1560 1513 1600 et
1551 1567 1658 1599 cum
1693 1555 1796 1599 iure

197 1641 305 1689 suo;
343 1627 547 1688 cydonea
587 1640 773 1687 quoque
811 1627 994 1671 incocta
1031 1627 1081 1671 in
1118 1624 1253 1671 melle
1293 1630 1471 1670 servata
1502 1624 1659 1669 ieiuno
1691 1623 1795 1669 data

195 1695 450 1757 plurimum
479 1701 690 1757 prosunt.
743 1694 1090 1756 Thalassomeli,
1123 1695 1245 1756 quod
1277 1693 1614 1740 iucundissime
1646 1699 1692 1739 et
1721 1694 1880 1738 in-136

196 1766 409 1812 flationes
451 1766 642 1826 deponit
686 1772 732 1812 et
774 1771 986 1811 ventrem
1031 1771 1201 1826 purgat
1245 1766 1345 1810 sine
1391 1762 1620 1809 stomachi
1664 1776 1795 1808 vexa-

198 1837 347 1896 tione,
392 1842 463 1881 est
500 1837 623 1881 enim
663 1841 709 1881 et
746 1835 888 1881 odore
927 1841 974 1881 et
1011 1849 1176 1895 sapore
1215 1834 1500 1895 gratissimo,
1546 1832 1669 1893 quod
1708 1832 1796 1878 hoc

135 1917 176 1948 25
198 1906 336 1951 modo
367 1905 471 1951 fieri
500 1904 658 1951 debet:
689 1904 820 1965 Aqua
851 1906 1028 1950 marina
1059 1919 1115 1950 ex
1146 1903 1250 1965 alto,
1281 1903 1327 1949 id
1359 1909 1431 1949 est
1461 1902 1518 1948 de
1548 1901 1797 1964 profundO,

199 1975 270 2021 vel
315 1989 433 2036 aqua
482 1974 695 2020 caelestis
740 1988 846 2020 cum
891 1973 984 2020 sale
1035 1975 1178 2020 mixta
1230 1974 1334 2033 pari
1384 1986 1602 2018 mensura
1645 1970 1797 2017 mellis

201 2046 365 2104 optimi
400 2044 664 2105 despumati
699 2045 1010 2104 permiscetur
1049 2050 1094 2090 et
1128 2048 1341 2090 servatur
1370 2043 1419 2089 in
1449 2056 1558 2088 vaso
1589 2041 1720 2088 fictili
1751 2047 1798 2087 et

201 2128 307 2160 cum
345 2129 462 2175 opus
501 2114 656 2175 fuerit,
695 2113 923 2173 tepefacta
960 2115 1093 2174 potui
1131 2114 1278 2159 datur.

339 2183 666 2245 Purgatorium
706 2183 884 2245 efficax,
926 2183 1049 2243 quod
1088 2197 1174 2229 nec
1213 2181 1503 2229 stomachum
1540 2186 1673 2227 vexat
1703 2185 1880 2227 necl37

137 2264 178 2296 30
200 2260 340 2314 caput
377 2260 536 2314 gravat
573 2260 620 2300 et
657 2250 797 2299 bilem
834 2252 1045 2299 deducit:
1096 2251 1250 2298 Laetis
1295 2252 1492 2312 capruni
1529 2251 1797 2312 sextarium,

201 2322 309 2369 salis
346 2325 623 2370 ammoniaci
656 2348 714 2355 —
750 2322 805 2384 II,
842 2321 992 2368 mellis
1030 2323 1193 2382 optimi
1228 2347 1286 2354 —
1314 2320 1347 2382 I,
1384 2322 1432 2366 in
1467 2334 1610 2366 unum
1643 2321 1798 2366 omnia

202 2392 282 2438 diu
327 2395 526 2440 contrita
571 2399 618 2439 et
662 2394 891 2453 permixta
936 2393 1093 2438 ieiuno
1138 2392 1271 2452 potui
1319 2391 1509 2452 dantur3
1563 2389 1643 2435 sed
1692 2395 1799 2450 post

201 2463 438 2522 potionem
475 2463 554 2509 diu
589 2461 877 2508 inambulare
910 2460 1062 2524 debet,
1098 2467 1151 2507 ut
1181 2462 1280 2521 ipsa
1311 2461 1439 2520 potio
1469 2459 1637 2505 melius
1668 2465 1798 2505 motu

203 2533 413 2593 corporis
450 2534 613 2593 prosit.

347 2696 367 2733 1
400 2692 622 2735 faeniculi.
697 2698 719 2735 7
753 2694 853 2745 duo,
883 2693 982 2734 item
1013 2696 1051 2733 9.
1129 2694 1181 2732 10
1212 2690 1473 2733 stomachio.
1541 2695 1591 2732 12
1624 2690 1797 2732 mitrae.

207 2753 258 2790 16
290 2746 570 2801 accipiturus.
636 2753 690 2790 24
721 2749 901 2791 odorem
930 2749 976 2790 et
1006 2760 1218 2801 saporem.
