1898 3016
718 100 1096 152 —247—

250 233 470 295 Malagma
502 231 557 278 ad
590 245 731 278 coxae
762 229 990 277 dolorem:
1028 227 1231 274 Masticis
1255 225 1393 273 Chiae
1418 225 1467 272 P.
1493 225 1537 288 S,
1569 224 1700 271 abro·
1733 235 1757 272 6

114 306 208 351 toni
246 305 349 350 suci
385 301 433 349 8
467 301 519 363 S,
566 303 686 348 turis
723 299 771 347 P.
804 299 858 361 S,
903 298 1011 345 salis
1049 297 1325 344 ammoniaci
1361 295 1410 342 P.
1444 295 1495 358 S,
1541 296 1702 341 aristo·
1789 293 1796 300 ”

111 374 254 421 lociae
300 372 527 420 rotundae
570 370 617 418 P.
648 370 709 431 ΙΙ,
754 368 1044 416 aristolociae
1082 365 1284 427 digitalis
1321 364 1369 412 P.
1401 364 1464 426 ΙΙ,
1511 378 1702 426 spumae

112 445 293 504 argenti
329 442 376 490 P.
408 441 440 503 I,
478 439 725 503 propoleos
762 438 811 486 P.
842 438 874 501 l,
913 439 1030 485 cotis
1065 436 1274 483 Creticae
1305 434 1353 482 P.
1385 434 1404 480 1
1437 434 1482 497 S,
1520 435 1702 480 resinae

69 525 90 556 5
113 514 319 574 pituinae
351 511 399 558 P.
432 510 451 557 Ι
483 510 528 569 S,
567 510 656 557 olei
693 510 864 555 veteris
895 507 942 555 P.
973 506 1050 570 111,
1088 505 1177 553 olei
1213 505 1383 552 laurini
1416 504 1465 550 P.
1498 503 1573 565 111,
1612 503 1702 564 gal-

111 582 219 629 bani
241 581 289 629 P.
313 582 346 644 1,
376 580 555 642 lepidae
586 579 780 640 Cypriae
804 578 852 624 P.
879 577 924 639 S,
955 591 1089 623 cerae
1113 575 1161 622 P.
1185 574 1204 621 I
1230 574 1274 636 S,
1306 575 1481 636 sinapis
1509 572 1701 619 Alexan-

110 652 235 698 drini
263 649 311 698 8
343 650 420 712 Ill,
451 650 571 696 aceti
601 646 649 694 8
681 647 756 694 111.
808 647 973 694 Omnia
1004 646 1117 692 haec
1148 651 1285 692 tunsa
1317 658 1434 705 quae
1465 642 1701 690 tundenda

110 728 219 768 sunt
263 727 309 767 et
353 721 547 766 remissa
585 732 702 779 quae
742 715 1078 778 liquefacienda
1114 721 1224 761 sunt
1261 714 1399 760 simul
1437 727 1702 774 excoquun-

108 797 187 837 tur
225 797 271 837 et
307 795 467 851 postea
504 794 598 835 tam
635 787 716 833 diu
748 785 961 832 manibus
992 785 1288 847 subiguntur,
1326 783 1474 830 donec
1506 783 1703 829 densum

45 871 86 902 ιο
109 859 332 920 malagma
369 859 459 905 fiat.

249 928 461 975 Sciaticis
499 926 680 974 cocleae
721 924 892 972 crudae
930 925 1067 971 tritae
1105 925 1153 969 in
1184 924 1290 968 vino
1321 921 1515 968 Amineo
1548 935 1604 967 ex
1634 922 1701 982 pi·
1735 930 1757 967 7

109 1014 218 1060 pere
250 1005 384 1060 potae
416 998 532 1044 mire
564 1002 774 1058 prosunt.
827 993 998 1040 Pellem
1030 993 1128 1054 lupi
1157 992 1455 1038 aluminatam
1486 1005 1570 1052 per
1601 990 1701 1037 dies
1733 999 1757 1037 8

109 1083 188 1115 sex
226 1067 397 1114 lumbis
436 1066 700 1113 dolentibus
738 1067 923 1126 inpone,
961 1064 1117 1110 statim
1155 1062 1417 1109 subvenies.

247 1137 532 1183 Lumborum
565 1144 611 1182 et
641 1136 846 1181 vessicae
878 1132 1162 1180 cruciatibus
1186 1131 1416 1178 laboranti
1439 1130 1631 1192 prodest
1654 1132 1703 1176 in
1734 1139 1757 1177 9

48 1219 88 1250 15
111 1206 306 1253 balineis
344 1206 444 1253 loco
483 1205 645 1267 calido,
683 1205 795 1250 dum
831 1203 925 1250 illic
964 1211 1049 1264 est,
1086 1203 1269 1248 urinam
1309 1214 1515 1261 egerere.
1578 1199 1701 1246 Lana
1736 1209 1786 1246 10

110 1276 283 1337 sucida,
314 1277 451 1337 nitro,
490 1275 696 1336 sulpure,
734 1273 849 1335 oleo,
883 1279 1028 1334 aceto,
1057 1273 1160 1333 pice
1193 1270 1380 1332 liquida,
1412 1269 1702 1316 ferventibus

107 1346 193 1407 his,
231 1348 376 1392 tincta
415 1351 461 1391 et
499 1359 637 1406 quam
676 1343 955 1390 calidissime
995 1343 1228 1387 sustinere
1265 1341 1414 1401 possit
1444 1338 1516 1386 bis
1548 1341 1596 1385 in
1627 1339 1700 1385 die

108 1415 315 1476 adposita
354 1414 546 1476 prodest
582 1412 847 1460 lumborum
885 1411 1046 1458 dolori.

247 1484 520 1531 Remedium
567 1485 736 1529 mirum
781 1482 1026 1528 adversum
1073 1480 1277 1526 nesciam
1324 1478 1395 1525 vel
1439 1477 1700 1524 arthrisim:
1736 1487 1783 1524 11

44 1566 85 1596 20
107 1554 260 1601 Herba
300 1560 371 1600 est
407 1553 478 1600 vel
515 1553 782 1613 frutectum,
821 1551 945 1612 quod
984 1551 1181 1596 maxime
1220 1551 1343 1595 circa
1382 1562 1517 1608 sepes
1549 1549 1700 1593 vinea·

107 1639 213 1671 rum
258 1625 486 1685 nascitur,
532 1622 695 1669 Latine
748 1623 924 1683 cytisus
970 1620 1163 1680 dicitur,
1213 1617 1427 1678 virgultis
1477 1624 1549 1663 est
1595 1616 1701 1663 sub-

108 1695 244 1741 tortis
281 1693 354 1739 vel
391 1694 567 1754 curvis,
606 1691 727 1738 foliis
765 1690 997 1751 oblongis,
1036 1689 1154 1735 bene
1193 1687 1467 1749 virentibus,
1505 1686 1700 1733 floribus

108 1763 341 1810 conclusis
379 1761 591 1822 oblongis
626 1761 742 1807 albis
774 1760 844 1807 vel
876 1762 1013 1806 etiam
1045 1757 1270 1819 galbineis
1300 1757 1419 1803 bene
1450 1755 1700 1818 olentibus,

107 1833 153 1879 id
179 1839 250 1879 est
274 1831 446 1878 mellito
470 1831 626 1877 odore.
664 1830 940 1876 Frutectum
963 1830 1116 1890 ipsum
1142 1841 1326 1888 semper
1344 1828 1499 1872 virens
1524 1831 1700 1872 aestate

45 1911 86 1943 25
111 1910 249 1963 atque
293 1901 445 1947 hieme
491 1900 725 1961 colligitur
771 1900 843 1945 die
882 1898 1001 1944 Iovis
1046 1898 1153 1944 luna
1198 1903 1355 1943 vetere
1400 1895 1558 1942 liduna
1596 1902 1701 1942 ante

108 1972 353 2032 prandium
392 1976 438 2016 et
475 1969 611 2016 datur
649 1971 706 2031 ei,
744 1971 821 2015 cui
857 1967 1064 2014 remedio
1096 1967 1253 2013 futura
1285 1971 1368 2027 est,
1407 1967 1564 2012 ieiuno
1596 1971 1701 2012 ante

108 2041 355 2103 prandium
385 2042 509 2102 trita,
546 2041 608 2086 ita
644 2047 697 2085 ut
727 2053 819 2084 non
851 2052 994 2084 sucus
1025 2044 1206 2083 tantum
1237 2037 1352 2098 eiUS,
1390 2035 1471 2081 sed
1504 2041 1550 2081 et
1582 2034 1702 2096 folia,

109 2110 341 2172 quomodo
374 2110 482 2156 trita
512 2109 701 2171 fuerint,
735 2107 804 2154 vel
833 2107 973 2154 flores
1004 2108 1119 2167 eius,
1150 2107 1190 2152 si
1218 2105 1406 2166 fuerint,
1440 2106 1506 2151 sic
1531 2104 1702 2150 dentur

108 2195 165 2226 ex
210 2181 328 2226 meri
371 2180 465 2224 vini
510 2180 680 2225 veteris
725 2179 821 2224 sive
867 2179 1005 2224 etiam
1042 2175 1212 2222 novelli
1250 2176 1485 2236 quartario
1524 2173 1701 2234 grandi.

44 2258 85 2290 30
110 2249 200 2295 Sed
246 2251 325 2310 qui
370 2249 567 2310 accipiet
613 2255 740 2294 stans
786 2248 981 2308 accipiat
1021 2252 1068 2292 et
1105 2251 1266 2292 contra
1305 2245 1534 2290 orientem
1573 2242 1701 2289 bibat

110 2325 156 2365 et
201 2334 308 2365 cum
352 2333 376 2364 a
423 2317 585 2364 dextra
629 2323 760 2378 parte
798 2317 1036 2377 potionem
1073 2315 1328 2375 acceperit,
1370 2313 1425 2359 ad
1464 2313 1702 2359 sinistram

110 2395 236 2434 retro
275 2395 327 2435 ut
363 2401 457 2434 non
494 2389 713 2449 respiciat
751 2385 914 2432 reddat
952 2384 1142 2431 calicem
1182 2385 1246 2444 ei,
1285 2385 1364 2444 qui
1402 2382 1585 2428 dederit
1622 2395 1702 2442 po-

111 2459 308 2519 tionem3
360 2457 448 2503 hoc
501 2472 585 2518 per
634 2456 841 2503 triduum
886 2455 1036 2501 faciet.
1111 2453 1202 2500 Sed
1249 2455 1328 2514 qui
1373 2452 1567 2498 daturus
1614 2453 1704 2498 erit

112 2528 363 2589 potionem,
399 2541 491 2573 una
528 2527 642 2573 hora
675 2525 744 2572 vel
775 2539 868 2572 uno
899 2524 974 2570 die
1005 2523 1172 2570 lectam
1202 2521 1395 2568 herbam
1427 2520 1566 2568 simul
1596 2535 1703 2567 con-

255 2692 275 2728 1
308 2687 536 2730 tutandae.
635 2692 659 2729 5
691 2686 913 2741 potu’inae.
1017 2690 1066 2726 12
1098 2683 1290 2738 prodest.
1387 2685 1436 2724 15
1466 2681 1564 2723 loco
1617 2680 1704 2727 olio

116 2748 192 2784 lm
222 2742 319 2784 oleo
350 2746 442 2785 2m.
548 2747 596 2784 19
629 2743 822 2785 ardisim.
931 2746 984 2783 25
1016 2740 1262 2793 collegitur.
1363 2742 1416 2780 26
1446 2750 1563 2779 reme
1597 2736 1703 2779 ium.
