1898 3016
735 100 1114 149 —111—

130 227 381 275 fluentibus
419 227 693 274 mirabiliter
730 228 956 274 medetur.
1031 227 1222 274 Costum
1263 237 1512 276 contusum
1551 237 1597 276 et
1634 232 1722 276 cri·
1753 240 1805 277 41

130 297 312 344 bratum
364 297 557 343 naribus
608 297 823 343 infricato
876 304 923 343 et
966 297 1246 358 profluvium
1296 300 1430 345 sistet
1475 306 1521 345 et
1566 299 1722 346 ulcera

129 366 322 413 sanabit.
395 366 548 412 Ranae
595 366 786 413 rubetae
831 369 1012 413 occisae
1056 369 1104 413 in
1151 367 1277 413 fumo
1315 369 1544 415 arefactae
1582 372 1723 430 parti-
1753 379 1807 417 42

131 436 247 497 cula,
278 443 448 497 quanta
479 435 727 498 videbitur,
765 439 814 482 in
845 437 1034 483 linteolo
1066 437 1269 484 involuta
1302 445 1347 483 et
1379 452 1433 484 ex
1466 438 1571 484 licio
1604 439 1721 485 collo

82 518 102 550 5
128 520 353 567 suspensa
390 507 505 567 eius,
543 508 620 552 cui
657 520 794 552 nares
832 506 996 568 ssuunt,
1035 508 1151 553 mire
1190 507 1393 568 prodest.
1451 508 1618 554 Linum
1651 509 1722 555 vel
1751 518 1804 556 43

127 590 330 637 papyrus
374 574 509 636 ligata
556 577 811 622 summitati
866 579 1039 622 veretri
1092 577 1236 623 virilis
1288 580 1563 638 sanguinem
1615 593 1719 639 pro-

126 645 348 692 fluentem
387 644 576 691 naribus
614 647 731 691 mire
770 647 996 706 reprimit.
1052 646 1142 692 Pili
1172 649 1350 708 caprini
1389 647 1607 694 conbusti
1645 648 1719 695 ad·
1751 658 1806 696 44

127 716 244 762 iecta
282 717 385 775 pice
424 721 469 761 et
507 721 637 761 aceto
674 716 839 761 inserti
879 715 1070 762 naribus
1105 718 1197 762 cito
1229 718 1502 777 sanguinem
1534 719 1719 765 sistunt.

126 784 248 830 Lana
287 785 446 831 sucida
484 799 537 830 ex
577 799 661 830 ove
700 784 868 831 femina
907 785 1126 846 decerpta
1164 794 1303 847 atque
1347 788 1519 833 intorta
1569 788 1720 834 made·
1750 797 1804 835 45

62 867 103 898 ιο
126 854 337 915 factaque
375 869 480 900 rosa
516 854 691 915 liquida
729 861 776 901 et
813 854 1002 901 naribus
1038 856 1183 902 indita
1215 858 1454 916 sanguinis
1486 856 1720 903 abundan-

125 925 236 971 tiam
273 926 499 984 reprimit.
573 923 764 970 Cocleae
809 927 946 971 tritae
985 939 1092 971 cum
1130 932 1261 971 aceto
1309 925 1501 972 naribus
1545 926 1719 972 inditae
1750 937 1804 975 46

125 995 334 1054 quamvis
373 1008 562 1054 magnos
591 994 763 1040 ssuores
795 996 1033 1054 sanguinis
1064 1002 1381 1056 compescunt.
1437 995 1486 1041 Si
1516 997 1715 1043 feminae
1750 1006 1803 1044 47

125 1065 313 1124 sanguis
351 1078 405 1110 ex
444 1063 636 1110 naribus
674 1066 814 1110 nimie
846 1064 1031 1127 defluat,
1067 1064 1344 1111 mammillae
1377 1067 1477 1111 eius
1508 1067 1716 1112 vincian-

125 1140 204 1180 tur
234 1135 433 1194 corrigio
464 1134 667 1194 caprinO.
726 1133 850 1179 Pilos
882 1134 967 1180 sub
1000 1141 1160 1180 ventre
1193 1136 1292 1180 vivo
1323 1134 1469 1196 lepori
1497 1136 1717 1182 candidos
1749 1146 1802 1183 48

62 1214 103 1246 15
126 1202 265 1249 velles
309 1209 356 1249 et
393 1203 599 1249 servabis
637 1210 683 1249 et
720 1218 824 1249 cum
869 1218 981 1249 usus
1020 1206 1249 1265 exegerit,
1287 1206 1488 1250 intortos
1527 1205 1717 1251 naribus

126 1272 379 1319 fluentibus
419 1273 594 1319 fulcies.
653 1272 920 1333 Specularia
952 1273 1177 1319 conbusta
1211 1289 1265 1319 ex
1297 1281 1426 1320 aceto
1458 1281 1718 1335 temperan-
1748 1285 1801 1323 49

124 1349 202 1388 tur
246 1349 292 1388 et
330 1343 470 1388 fronti
508 1344 608 1388 eius
645 1342 928 1404 inlinuntur,
974 1345 1050 1389 cui
1088 1358 1224 1389 nares
1261 1343 1425 1390 fluunt.
1502 1343 1716 1405 Sfongiae
1749 1355 1802 1392 50

124 1412 364 1458 Africanae
404 1412 656 1458 conbustae
695 1414 826 1474 ciniS,
865 1414 904 1458 si
942 1412 1134 1458 naribus
1167 1413 1424 1475 hauriatur,
1462 1414 1717 1474 plurimum

124 1481 326 1543 prodest.
374 1481 423 1527 Si
453 1489 498 1528 et
529 1496 613 1542 per
642 1496 779 1528 nares
811 1488 858 1528 et
886 1497 971 1542 per
1002 1497 1052 1528 os
1077 1483 1266 1543 sanguis
1290 1482 1417 1546 fluat,
1447 1483 1593 1530 herba
1620 1498 1715 1530 ver·
1747 1493 1800 1531 51

61 1563 102 1594 20
126 1550 263 1612 bena,
309 1565 446 1612 quam
491 1550 654 1598 Graeci
698 1551 1036 1598 hierobotanen
1081 1552 1264 1614 dicunt,
1309 1567 1415 1599 cum
1462 1555 1560 1599 suis
1597 1553 1717 1600 radi-

125 1620 257 1666 cibus
297 1635 349 1667 ex
389 1635 507 1682 aqua
537 1621 727 1667 decocta
759 1627 805 1667 et
835 1621 1068 1682 percolata
1098 1628 1300 1683 potatur.
1353 1622 1548 1669 Porrum
1582 1626 1716 1669 secti-
1748 1633 1800 1671 52

124 1704 231 1736 vum
275 1698 375 1736 tere
422 1698 468 1737 et
505 1706 669 1737 sucum
714 1691 908 1737 cerebro
955 1693 1056 1738 eius
1100 1692 1317 1754 infunde,
1363 1694 1444 1752 qui
1487 1693 1715 1753 profluvio

125 1761 306 1805 narium
350 1760 550 1820 laborat,
603 1763 758 1807 statim
809 1761 1070 1807 medebere.
1149 1761 1418 1807 Milefolium
1472 1777 1527 1808 ex
1584 1769 1714 1809 aceto
1747 1772 1799 1810 53

124 1831 294 1875 teritur
329 1836 375 1876 et
405 1829 595 1876 naribus
626 1830 854 1893 hauritur,
893 1833 1114 1877 continuo
1147 1833 1357 1892 quamvis
1387 1833 1582 1879 nimium
1614 1847 1715 1878 san-

61 1910 101 1941 25
124 1901 312 1959 guinem
357 1901 492 1946 sistit.
564 1899 615 1945 Si
659 1915 715 1946 ex
759 1915 849 1946 una
887 1915 999 1946 nare
1039 1902 1227 1961 sanguis
1266 1900 1447 1964 defluit,
1485 1902 1714 1948 diversam
1738 1912 1799 1970 54

124 1968 378 2015 auriculam
412 1984 518 2015 cera
554 1969 807 2016 obturabis.
855 1969 1049 2016 Carmen
1083 1970 1137 2016 ad
1169 1970 1449 2032 profluvium
1475 1973 1713 2032 sanguinis
1745 1982 1798 2020 55

123 2053 178 2083 ex
217 2053 511 2100 quocumque
550 2039 759 2085 membro
797 2042 1039 2086 manantis.
1099 2040 1288 2102 Locum,
1327 2055 1382 2086 ex
1415 2056 1505 2101 quo
1537 2041 1713 2103 defluit,

123 2107 265 2167 digito
304 2108 566 2154 medicinali
603 2115 765 2169 tanges
804 2116 849 2155 et
886 2111 1027 2155 vicies
1058 2111 1229 2170 septies
1262 2111 1389 2156 dices
1421 2117 1466 2156 et
1497 2113 1714 2171 quotiens

122 2177 323 2223 volueris
361 2186 559 2239 repeteS,
597 2179 744 2224 donec
779 2179 974 2225 fluorem
1012 2181 1268 2242 pervincas,
1303 2193 1479 2226 socnon
1518 2195 1714 2242 socnon3

59 2257 101 2288 80
122 2249 239 2293 mire
277 2248 480 2309 prodest.
553 2248 772 2295 Pollicem
818 2256 864 2295 et
906 2248 1226 2295 medicinalem
1264 2249 1460 2309 digitum
1500 2265 1522 2295 a
1561 2251 1714 2296 fronte
1745 2260 1798 2299 56

124 2331 271 2377 usque
311 2318 365 2363 ad
404 2317 651 2364 cerebrum
696 2325 742 2364 et
787 2319 892 2364 inde
938 2333 1086 2379 usque
1126 2318 1181 2364 ad
1220 2320 1449 2365 cervicem
1488 2319 1631 2366 duces
1669 2325 1715 2367 et

122 2388 341 2448 nonagies
379 2390 539 2434 novies
573 2388 722 2434 dices:
760 2390 919 2434 sirmio
959 2390 1140 2450 sirmi03
1179 2388 1301 2449 quod
1334 2388 1390 2434 ad
1421 2403 1580 2435 aurem
1612 2391 1713 2436 eius

123 2458 267 2515 partis
305 2457 398 2503 dici
434 2464 639 2520 oportet,
678 2458 734 2504 de
774 2473 862 2519 qua
903 2473 1012 2504 nare
1052 2460 1240 2518 sanguis
1278 2460 1558 2519 propensius
1595 2459 1711 2505 ssuit.

122 2524 323 2572 Herbam
355 2529 632 2573 vettonicam
663 2535 802 2589 teres,
834 2530 911 2574 cui
934 2527 1171 2589 paululum
1198 2527 1319 2589 salis,
1351 2534 1575 2588 quantum
1600 2529 1711 2575 duo-
1743 2537 1795 2575 57

60 2605 100 2637 35
123 2594 210 2641 bus
255 2596 410 2657 digitis
455 2597 620 2658 pollice
666 2605 712 2644 et
756 2598 1019 2644 medicinali
1063 2611 1228 2658 capere
1270 2599 1500 2660 potueris,
1538 2599 1711 2645 adicies

234 2748 258 2784 2
290 2743 421 2786 sistit.
536 2749 562 2786 4
593 2746 639 2787 eb
666 2758 746 2788 om.
864 2750 888 2787 6
920 2745 1110 2800 papirus.
1229 2748 1278 2786 18
1309 2746 1517 2788 auriatur.
