1930 3008
856 143 1233 193 —330—

243 270 283 316 X
312 270 368 332 II,
407 284 568 316 soreos
606 272 702 317 usti
738 271 777 317 X
808 270 862 333 ΙΙ,
901 272 1231 332 auripigmenti
1269 272 1308 318 X
1338 272 1393 319 II.
1453 271 1576 321 Haec
1614 280 1836 323 teruntur

241 339 492 401 diligenter
535 346 674 401 atque
719 342 767 387 in
811 343 1141 388 tenuissimum
1186 341 1426 402 pulverem
1469 344 1748 405 rediguntur
1791 352 1839 393 et

243 411 310 456 sic
341 425 408 469 ea,
442 415 492 457 ut
522 410 631 472 dixi,
663 410 1098 457 haemorrhoidibus
1129 412 1450 472 inprimuntur
1472 414 1701 477 undique3
1730 422 1840 475 post

241 479 330 526 hoc
363 486 502 527 tenue
534 480 731 541 simplex
761 495 919 527 rasum
949 481 1192 528 linteolum
1222 483 1384 543 inponi
1413 489 1598 544 oportet
1625 490 1671 530 et
1694 499 1838 546 super

241 550 330 596 hoc
368 565 535 612 panem
573 557 853 612 autopyrum
890 566 947 597 ex
984 565 1102 612 aqua
1140 558 1423 599 maceratum
1460 558 1507 599 et
1537 554 1700 600 tritum
1730 569 1834 602 rosa
1858 566 1880 598 5

240 620 334 667 illic
379 635 466 681 pro
515 621 616 667 oleo
661 620 852 667 adiecta.
919 620 1017 668 Hoc
1056 621 1394 668 medicamento
1432 624 1532 669 sine
1571 638 1737 684 magno
1774 625 1836 672 la·

239 690 354 737 bore
385 692 510 737 circa
542 692 794 752 septimum
825 691 947 738 diem
978 692 1144 738 cadere
1176 699 1410 753 coguntur
1440 692 1836 743 haemorrhoides.

239 759 438 821 Oportet
475 767 630 807 autem
667 760 740 807 bis
778 761 852 808 die
889 776 1056 822 panem
1094 763 1275 825 inponi,
1316 777 1666 824 nonnumquam
1705 771 1750 811 et
1787 766 1837 812 in

239 837 446 893 noctem,
485 833 525 877 si
563 833 687 878 circa
726 846 803 878 eas
840 834 1103 878 tensionem
1141 833 1359 894 senseris,
1398 840 1562 893 quarto
1601 834 1676 880 die
1714 837 1835 882 auri-

164 934 167 936 ·
240 901 413 961 scalpio
466 916 648 963 averSO,
701 916 840 963 quam
890 907 1072 963 partem
1121 902 1394 964 cyathiscon
1439 903 1603 950 Graeci
1654 912 1835 968 vocant,
1857 918 1899 948 ιο

148 2242 200 2279 10

147 2452 197 2488 11

239 972 413 1017 sensim
459 977 687 1032 temptare
733 986 785 1017 ac
828 986 1016 1018 movere
1069 986 1167 1034 eas,
1221 987 1313 1033 quo
1358 972 1559 1019 celerius
1605 975 1833 1022 excidant.

237 1039 336 1087 Hoc
366 1041 760 1088 medicamentum
791 1056 976 1087 omnem
1007 1056 1196 1088 carnem
1227 1056 1284 1087 ex
1315 1044 1441 1088 omni
1466 1050 1598 1103 parte
1622 1047 1834 1106 corporis

237 1110 553 1157 exulceratam
591 1117 638 1157 et
677 1120 1027 1158 excrescentem
1066 1113 1166 1157 sine
1204 1126 1369 1171 magno
1408 1126 1570 1159 morsu
1605 1113 1739 1161 tollit.

376 1180 588 1227 Pulveris
613 1180 908 1227 Pancratiani
938 1181 1168 1227 confectio
1203 1181 1259 1227 ad
1288 1181 1508 1242 rhagadia
1538 1182 1610 1229 vel
1640 1183 1835 1231 exocha-

237 1251 311 1296 dia
357 1253 445 1297 sic:
490 1251 719 1297 Aluminis
764 1250 956 1297 rotundi
1000 1251 1193 1298 ustulati
1230 1257 1276 1297 et
1313 1253 1476 1298 siccati
1511 1279 1581 1284 —
1609 1252 1693 1316 III,
1738 1254 1832 1301 alu·
1857 1266 1898 1297 15

236 1322 375 1367 minis
414 1321 579 1367 schisti
617 1346 681 1354 —-
715 1320 797 1384 III,
842 1322 956 1367 nitri
993 1323 1088 1368 usti
1126 1315 1187 1388 ,9⁴
1219 1320 1297 1383 VI,
1341 1323 1462 1368 aeris
1500 1318 1730 1390 floris}
1762 1323 1833 1371 VI.

235 1389 402 1437 Omnia
431 1391 546 1438 haec
575 1393 806 1452 permixta
830 1398 876 1438 et
899 1393 1009 1438 trita
1035 1391 1263 1454 servabis3
1295 1406 1401 1438 cum
1425 1393 1652 1439 utendum
1675 1394 1833 1457 fuerit,

235 1476 344 1507 cum
374 1468 505 1508 aceto
537 1463 634 1507 acri
663 1461 831 1507 inlines
863 1461 1114 1508 exochadia
1139 1461 1215 1520 ,vel
1245 1461 1478 1525 rhagadia,
1509 1463 1591 1509 sed
1621 1463 1832 1527 adsidue,

234 1538 288 1577 ut
323 1533 447 1578 intra
485 1538 704 1592 quartum
744 1532 866 1577 diem
905 1538 1142 1578 sanentur.

374 1601 443 1648 Ad
488 1603 564 1647 ani
609 1603 717 1648 vitia
763 1607 810 1648 et
854 1608 1063 1648 tumores
1109 1608 1156 1647 et
1199 1601 1392 1648 vulnera
1437 1604 1695 1663 conpositio
1741 1604 1895 1651 sic220

233 1671 432 1718 Resinae
477 1671 821 1718 terebinthinae
869 1665 929 1738 ῼι
971 1670 1158 1729 XXVII,
1204 1673 1317 1717 visci
1363 1665 1424 1738 ῼσ
1464 1671 1568 1732 XII,
1621 1673 1828 1720 cadmiae

233 1735 296 1807 „9⁴
328 1740 426 1802 XII,
465 1756 656 1802 spumae
691 1743 873 1802 argenti
904 1735 965 1808 ,ᾖα
998 1740 1135 1803 VIIII,
1172 1755 1390 1787 cerussae
1422 1735 1483 1807 „9³
1516 1741 1650 1803 VIIII,
1689 1744 1829 1790 misui

233 1805 295 1877 ,9³
326 1811 470 1873 VIIII,
507 1811 680 1858 herbae
718 1811 1013 1872 arnoglossae
1054 1805 1115 1877 9³
1153 1810 1258 1872 1111,
1304 1810 1394 1857 olei
1435 1813 1607 1858 veteris
1646 1811 1828 1860 libram.

231 1880 356 1928 Haec
402 1882 620 1928 universa
665 1887 881 1928 conteres
927 1888 973 1927 et
1017 1881 1236 1927 miscebis
1281 1888 1328 1928 et
1367 1896 1453 1942 per
1491 1881 1590 1928 dies
1629 1889 1828 1944 quantos

231 1953 496 2013 oportuerit
532 1952 588 1998 ad
626 1951 783 1999 locum
820 1951 994 1998 doloris
1032 1951 1251 2012 adpones.
1850 1964 1890 1996 25

371 2022 459 2068 Ani
492 2023 601 2068 vitia
633 2023 787 2068 omnia
817 2023 991 2082 optime
1025 2028 1071 2067 et
1102 2021 1327 2067 citissime
1358 2028 1492 2068 curat
1522 2021 1676 2068 oleum
1699 2021 1827 2068 bom-

229 2090 451 2152 bycinum
495 2107 678 2154 verum,
725 2093 765 2138 si
809 2091 1002 2138 adsidue
1047 2091 1156 2137 inde
1203 2097 1471 2153 tangantur,
1515 2093 1578 2137 ita
1616 2098 1668 2138 ut
1704 2093 1829 2138 intra

229 2162 440 2208 triduum
484 2162 556 2208 vel
601 2162 916 2223 quadriduum
960 2161 1178 2222 rhagadia
1224 2167 1270 2208 et
1314 2161 1564 2207 exochadia
1610 2162 1826 2222 stirpitus

232 2231 373 2295 tollat,
405 2234 445 2279 si
475 2232 667 2279 adsidue
699 2239 913 2294 ponatur.
972 2230 1174 2278 Nucleos
1210 2231 1266 2278 de
1299 2230 1483 2277 dactulo
1515 2230 1748 2277 conbures
1779 2237 1826 2278 et

230 2308 446 2348 conteres
485 2317 624 2363 quam
662 2303 974 2348 minutissime
1013 2308 1059 2347 et
1096 2301 1153 2347 de
1190 2301 1382 2362 pulvere
1419 2314 1583 2347 eorum
1618 2301 1718 2347 loco
1749 2303 1826 2347 ani
1847 2313 1889 2343 30

230 2372 497 2419 exulcerato
544 2374 640 2418 sive
687 2372 957 2419 vulneribus
1003 2373 1104 2418 eius
1152 2379 1199 2418 et
1242 2370 1410 2417 fistulis
1447 2370 1721 2431 frequenter
1756 2372 1825 2416 in-

228 2456 388 2502 pones.
434 2441 638 2488 Herham
668 2441 970 2504 polypodium
1000 2447 1125 2488 teres
1158 2447 1205 2487 et
1234 2442 1301 2487 sic
1330 2442 1378 2486 in
1408 2442 1638 2501 ptisanam
1666 2442 1825 2487 mittes

230 2519 276 2557 et
314 2511 527 2558 sorbebis
565 2513 773 2575 ieiunus3
810 2513 898 2559 hoc
938 2518 985 2558 et
1022 2511 1169 2558 solvet
1207 2516 1414 2557 ventrem
1453 2515 1499 2556 et
1536 2524 1676 2557 anum
1714 2509 1825 2556 mol-

229 2580 310 2627 liet
346 2587 617 2629 tumentem.

369 2693 393 2729 6
423 2688 808 2730 medicamentum.
953 2693 975 2730 7
1007 2689 1234 2740 cogantur.
1372 2690 1396 2728 9
1427 2685 1683 2728 tesisionem
1713 2687 1826 2739 (sic).

229 2747 281 2784 14
310 2744 636 2797 panchi-aciani.
741 2749 792 2786 16
822 2743 959 2786 scisti.
1059 2742 1197 2797 floris]
1229 2741 1324 2785 flos.
1433 2748 1484 2785 21
1516 2742 1648 2798 visci]
1678 2741 1823 2784 sifum.

227 2803 281 2840 26
311 2800 367 2841 ad.
397 2800 497 2843 add.
529 2805 629 2843 ante
657 2800 743 2842 ani.
860 2804 912 2841 28
945 2798 1141 2875 ragadia.
