1898 3016
793 162 850 168 —
933 135 1031 184 170
1103 95 1185 169 ’--“

835 275 958 323 CAP.
997 274 1132 322 XVII.

150 407 153 410 ,
181 363 266 405 Ad
296 362 617 416 suspiriosos
647 364 737 406 vel
765 365 834 406 ad
866 363 1185 417 dyspnoieos
1208 364 1262 405 et
1284 364 1355 406 ad
1377 374 1565 407 omnes
1589 374 1777 408 causas

182 431 516 484 arteriorum,
554 433 621 475 de
658 433 855 487 quibus
890 432 1061 487 ruptis
1097 432 1314 486 sanguis
1350 436 1579 487 emanat,
1617 436 1671 476 et
1708 435 1778 477 ad

181 502 418 545 vomitus
460 502 854 556 restringendos
905 504 959 546 et
1001 504 1371 556 provocandos
1423 505 1476 546 et
1519 504 1590 546 ad
1632 504 1777 546 sitim

181 573 469 615 arcendam
492 574 547 614 et
569 572 637 615 ad
659 572 926 626 singultus
947 572 1264 615 inhibendos
1291 574 1345 615 et
1367 573 1435 615 ad
1457 573 1778 616 reumatieos

182 643 237 684 et
279 643 348 684 ad
383 642 570 684 vulsos
605 642 841 685 remedia
869 641 1203 685 rationabilia
1232 645 1287 685 et
1315 642 1537 697 physica
1568 642 1778 685 diversa

730 714 797 755 de
835 711 1230 765 experimentis.

321 817 391 864 Ad
423 820 678 880 suspirium
708 819 820 866 facit
857 818 976 865 bene
1013 825 1211 881 acetum,
1243 819 1367 879 quod
1399 818 1664 866 scilliticum
1704 833 1778 865 vo-

182 894 303 949 cant,
341 888 559 934 cocliario
590 893 664 934 ter
694 895 915 950 quaterve
953 895 1192 950 sumptum
1222 889 1278 934 ad
1310 889 1446 935 diem.
1505 888 1702 935 Prodest
1732 895 1779 935 et

183 957 312 1004 scilla
350 957 508 1019 argilla
548 959 835 1006 circumdata
874 965 920 1005 et
950 959 1088 1005 furno
1119 965 1250 1005 cocta
1287 960 1497 1019 purgatis
1536 959 1777 1019 exteriori-

181 1028 270 1075 bus
307 1027 628 1088 putaminibus
666 1034 713 1075 et
749 1029 873 1090 quod
912 1031 1012 1075 eius
1049 1030 1357 1075 tenerrimum
1396 1034 1468 1074 est
1505 1030 1670 1075 tritum
1701 1028 1777 1074 ad-

180 1099 316 1145 iectis
353 1097 503 1144 mellis
526 1099 667 1144 Attici
699 1098 879 1145 duabus
909 1098 1123 1159 partibus
1154 1104 1201 1144 et
1231 1100 1350 1144 aceti
1379 1097 1491 1144 boni
1520 1112 1611 1144 una
1642 1103 1774 1158 parte
1799 1111 1818 1143 5

181 1174 321 1228 atque
351 1169 415 1213 ita
445 1168 636 1214 decocta
667 1175 714 1214 et
742 1183 827 1229 per
857 1168 1045 1228 ligulam
1068 1182 1209 1214 unam
1234 1167 1379 1214 semel
1402 1169 1450 1213 in
1474 1167 1549 1213 die
1580 1173 1776 1228 sumpta.

322 1236 504 1284 Profuit
541 1237 700 1284 multis
738 1238 793 1284 ad
832 1239 1087 1299 suspirium
1128 1237 1201 1283 vel
1232 1238 1515 1298 dyspnoeam
1546 1236 1779 1298 depellen-

183 1307 287 1353 dam
333 1307 491 1368 pulmo
538 1307 688 1368 vulpis
725 1307 798 1354 vel
836 1309 968 1354 iecur
1005 1309 1052 1353 in
1091 1306 1179 1353 olla
1217 1307 1349 1354 fictili
1385 1312 1601 1354 exustum
1640 1314 1778 1368 atque

181 1377 239 1423 ad
285 1379 492 1423 cinerem
536 1377 778 1424 redactum
823 1385 870 1424 et
914 1377 1072 1424 datum
1111 1377 1166 1423 ad
1206 1376 1328 1424 diem
1365 1378 1522 1423 ieiuno
1559 1390 1779 1423 mensura

183 1446 509 1494 cocliariorum
547 1448 690 1494 trium
729 1462 834 1494 cum
873 1462 1019 1508 aquae
1054 1446 1233 1508 cyathis
1271 1446 1438 1509 tribus,
1476 1449 1517 1493 si
1546 1446 1778 1493 febricita·
1802 1461 1843 1491 ιο

181 1517 270 1563 hit:
302 1518 342 1563 si
373 1518 587 1563 sincerus
619 1519 722 1579 erit,
755 1532 809 1563 ex
840 1518 946 1563 vino
980 1524 1158 1579 vetere3
1188 1517 1365 1578 profuit
1396 1523 1442 1563 et
1465 1516 1622 1577 pulmo
1654 1517 1780 1563 cervi

182 1587 345 1633 eodem
383 1587 519 1632 modo
558 1587 791 1633 arefactus
829 1594 876 1633 et
914 1587 1061 1633 datus.

320 1656 520 1702 Prodest
550 1658 820 1717 suspiriosis
843 1656 933 1703 hoc
957 1657 1348 1703 medicamentum
1375 1656 1635 1702 evidenter:
1673 1655 1779 1702 Alu-

181 1727 320 1772 minis
366 1727 464 1772 fissi
502 1726 540 1772 X
570 1725 648 1788 Vl,
694 1727 787 1788 opii
825 1725 864 1772 X
895 1726 927 1773 Ι.
1000 1726 1131 1787 Aqua
1169 1727 1334 1786 exigua
1372 1727 1531 1787 opium
1569 1725 1779 1788 diluitur,

181 1797 408 1842 miscetur
444 1795 637 1842 alumini
674 1803 780 1843 ante
818 1798 943 1842 trito.
1004 1795 1147 1843 Fiunt
1183 1795 1359 1856 globuli
1395 1796 1564 1842 ciceris
1604 1797 1778 1856 magni·
1803 1809 1843 1840 15

181 1866 357 1928 tudine,
396 1865 566 1912 dantur
603 1867 761 1913 ieiuno
793 1872 898 1912 ante
931 1865 1087 1913 cibum
1121 1867 1336 1927 quaterni
1366 1872 1446 1912 aut
1477 1866 1621 1926 quini.
1679 1864 1779 1912 Hoc

181 1936 572 1982 medicamentum
618 1942 665 1982 et
709 1936 765 1982 ad
811 1937 1051 1997 sanguinis
1098 1937 1392 1997 eruptionem
1445 1950 1500 1981 ex
1544 1936 1779 1982 interiori-

181 2004 269 2051 bus
307 2005 519 2066 partibus
557 2006 668 2052 facit
716 2012 763 2052 et
807 2006 863 2052 ad
908 2013 1114 2052 veterem
1158 2012 1338 2052 tussem
1376 2012 1423 2051 et
1458 2005 1515 2052 ad
1552 2005 1779 2065 pthisicos

181 2074 251 2121 vel
291 2075 539 2136 purulenta
577 2082 865 2122 excreantes.

322 2144 421 2191 Hoc
459 2160 646 2206 quoque
684 2146 1077 2192 medicamentum
1119 2145 1174 2191 ad
1213 2145 1467 2204 suspirium
1505 2145 1618 2190 satis
1656 2158 1779 2190 com-
1801 2158 1841 2188 20

181 2214 318 2261 mode
356 2215 488 2261 facit:
535 2215 750 2276 Sulpuris
788 2215 827 2261 X
857 2215 890 2278 Ι,
929 2217 1041 2262 nitri
1077 2214 1116 2261 X
1145 2214 1180 2277 Ι,
1217 2213 1427 2260 abrotani
1466 2213 1589 2274 quod
1626 2213 1778 2260 tribus

183 2284 340 2344 digitis
379 2284 698 2346 conprehendi
727 2287 890 2347 possit.
943 2285 1068 2332 Haec
1099 2283 1452 2330 contunduntur
1483 2290 1527 2329 et
1559 2289 1778 2329 teruntur

183 2355 389 2417 curiose3
427 2369 534 2401 cum
572 2369 689 2415 opus
729 2361 813 2417 est,
851 2355 1021 2402 dantur
1058 2369 1113 2401 ex
1147 2354 1220 2400 his
1251 2354 1408 2399 ieiuno
1439 2352 1655 2399 cocliaria
1686 2352 1779 2399 duo

182 2439 289 2471 cum
328 2424 511 2471 duobus
550 2425 727 2486 cyathis
765 2426 885 2472 aceti
922 2424 1072 2471 calidi.

322 2559 410 2600 tit..-
452 2558 731 2612 suspiriosus.
860 2563 863 2565 ’
904 2556 1184 2612 arteriorum]
1224 2555 1483 2598 arteriarum
1524 2554 1777 2598 Gornarius.

180 2613 396 2668 vomicas]
427 2615 630 2657 vomitus.
775 2614 1117 2666 restringendas.
1260 2611 1577 2666 provocandas.
1722 2611 1775 2652 ad

181 2681 260 2710 om.
292 2673 390 2710 ante
421 2669 653 2723 singultus.

325 2728 345 2764 1
381 2724 604 2767 scillitum.
693 2731 717 2767 3
748 2724 901 2779 argila.
987 2724 1127 2766 forno.
1218 2728 1241 2764 7
1274 2723 1531 2777 dyspnuam.
1609 2727 1657 2764 11
1683 2735 1778 2764 sen·

182 2792 321 2822 cerus,
437 2786 490 2822 23
522 2782 607 2824 duo
640 2795 737 2823 cum
768 2795 846 2822 om.
