1930 3008
133 260 210 297 110

822 122 1063 173 -268
1142 151 1201 159 —

356 249 575 298 Cimoliae
621 255 776 297 cretae
821 256 987 297 tunsae
1033 248 1081 296 2}
1120 249 1183 296 ΙΙΙ
1228 257 1275 297 et
1318 250 1492 298 farinae
1537 250 1812 298 hordeaciae

213 317 261 366 8
285 319 349 366 III
380 334 437 366 ex
467 334 586 382 aqua
617 335 792 382 coques
826 327 872 367 et
900 322 951 367 in
982 334 1143 366 saccos
1173 325 1271 366 tres
1301 319 1450 367 lineos
1472 322 1631 367 mittes
1663 335 1812 383 eoque

212 390 418 437 fomento
464 392 671 437 vicissim
715 396 916 454 mutato,
961 396 1015 436 ut
1058 389 1177 436 bene
1220 389 1387 453 caleat,
1432 390 1689 437 calculosos
1728 405 1813 438 seu

212 461 421 507 vessicae
459 460 620 507 dolore
657 459 922 507 laborantes
960 465 1034 506 ter
1071 461 1120 506 in
1165 459 1240 506 die
1286 459 1552 523 vaporabis,
1595 466 1814 522 potenter

213 529 478 577 subvenies.
1839 541 1860 575 5

131 609 210 646 111

133 1028 211 1066 112

133 2006 213 2043 113

354 600 473 646 Item
503 599 627 646 aliud
660 599 716 645 ad
741 614 821 646 eos
845 600 1161 646 certissimum
1183 599 1466 646 remedium:
1496 599 1667 662 Pruna,
1698 615 1816 662 quae

214 671 264 716 in
303 669 494 731 sepibus
531 675 814 731 nascuntur,
859 669 1049 730 colliges
1088 675 1134 715 et
1171 683 1335 716 eorum
1371 669 1645 716 nuculeolos
1682 670 1816 717 tolles

214 746 262 786 et
308 740 516 786 servabis
562 739 619 786 ad
662 739 946 801 praesidium
1000 747 1047 786 et
1091 754 1199 786 cum
1243 754 1361 800 opus
1406 740 1569 802 fuerit,
1623 742 1671 786 in
1725 740 1818 802 pila

214 809 386 857 tundes
427 824 565 871 quam
604 811 778 871 optime
816 816 863 856 et
901 808 1130 856 cribrabis
1165 824 1303 871 quam
1334 811 1645 856 minutissime
1676 817 1816 872 atque

215 880 325 926 inde
364 894 421 926 ex
456 881 611 942 picato
651 881 746 926 sive
785 886 972 926 austero
1011 894 1064 926 ac
1102 879 1219 926 duro
1257 881 1365 926 vino
1400 879 1531 926 dabis
1560 882 1719 927 ieiuno
1750 879 1816 927 bi·
1840 892 1882 922 10

215 949 368 996 benda
404 951 454 996 in
491 951 682 1011 potione
721 949 886 996 diurna
926 949 1142 996 cocliaria
1178 951 1282 996 tria.

356 1018 456 1066 Hoc
493 1034 604 1066 vero
643 1019 935 1066 medicamen
972 1034 1066 1065 non
1105 1018 1256 1066 solum
1293 1021 1519 1066 vessicam
1551 1026 1697 1082 curat,
1735 1020 1817 1067 sed

216 1091 358 1136 etiam
402 1089 596 1136 vulnera
638 1091 925 1136 intrinsecus
970 1088 1161 1135 latentia
1207 1095 1254 1135 et
1297 1091 1548 1150 apostimas
1585 1098 1819 1152 persanat,

216 1160 466 1207 conficitur
503 1161 592 1206 sic:
632 1158 839 1206 Cucuma
877 1160 1189 1205 sextariorum
1226 1173 1392 1205 novem
1423 1159 1555 1206 rudis
1587 1174 1706 1221 aqua
1735 1162 1818 1206 im-

214 1229 372 1291 pletur
417 1236 464 1276 et
509 1229 564 1276 ad
611 1229 825 1275 dimidias
871 1230 1111 1290 coquitur,
1163 1235 1263 1275 tum
1309 1229 1576 1276 adiciuntur
1619 1231 1668 1276 in
1719 1244 1819 1276 eam
1843 1241 1883 1273 15

217 1299 274 1346 de
313 1299 518 1360 sfongeis
557 1313 890 1360 asparagorum
931 1325 990 1332 —
1025 1298 1123 1362 IIII,
1161 1300 1254 1359 apii
1286 1299 1498 1346 radicum
1528 1300 1819 1364 tantundem,

216 1368 452 1416 saliuncae
497 1369 619 1416 lotae
665 1369 914 1430 diligenter
956 1394 1014 1401 —
1048 1368 1110 1432 II,
1155 1370 1306 1415 casiae
1345 1369 1527 1416 fistulae
1566 1372 1818 1432 semuncia,

217 1441 387 1486 amomi
425 1433 488 1506 ‘9‘
524 1438 646 1502 VIII,
690 1438 955 1500 petrosilini
992 1438 1213 1486 dimidius
1254 1441 1540 1502 quartarius,
1585 1441 1670 1486 iris
1717 1439 1819 1503 Illy-

215 1511 341 1556 ricae
378 1535 448 1542 ——
478 1508 519 1573 Ι,
563 1510 773 1556 masticis
811 1508 952 1555 Chiae
995 1535 1055 1542 —
1088 1508 1150 1571 113
1196 1509 1364 1555 deinde
1410 1524 1529 1571 aqua
1573 1524 1818 1557 cucumam

217 1579 459 1641 supplebis
491 1585 538 1626 et
568 1579 625 1626 de
657 1593 800 1640 gypso
831 1578 1149 1640 praeclaudeS,
1187 1584 1240 1625 ut
1270 1584 1427 1625 tamen
1458 1579 1693 1626 modicum
1727 1582 1816 1642 spi·
1842 1591 1883 1621 20

216 1651 419 1696 ramenti
454 1649 707 1711 relinquas,
745 1655 884 1710 atque
915 1650 979 1695 ita
1010 1663 1217 1709 coquens
1247 1648 1435 1696 claudes
1466 1664 1725 1713 cucumam,
1759 1665 1817 1697 ne

216 1720 507 1766 medicamen
545 1719 714 1780 exiliat,
753 1725 800 1765 et
837 1718 894 1765 ad
931 1719 1108 1765 medias
1146 1718 1382 1780 decoques
1420 1734 1472 1765 ac
1510 1720 1738 1767 recondes
1768 1722 1818 1766 in

217 1805 291 1853 ea3
330 1804 438 1836 cum
476 1804 594 1851 opus
632 1789 789 1851 fuerit,
827 1788 958 1835 dabis
997 1803 1052 1835 ex
1091 1803 1145 1834 eo
1184 1803 1290 1835 cum
1329 1790 1517 1850 potione
1549 1791 1645 1835 vini
1675 1805 1818 1851 quan-

216 1869 319 1908 tum
363 1859 566 1906 sufficiat
611 1859 668 1906 ad
705 1858 876 1905 bonam
912 1860 1185 1922 mixturam,
1230 1858 1312 1905 sed
1351 1865 1397 1905 et
1432 1861 1590 1905 ieiuno
1629 1866 1676 1906 et
1713 1860 1816 1907 dor-

216 1931 382 1977 mitum
421 1931 552 1976 eunti
590 1929 736 1976 dabis.
1841 1930 1882 1971 25

365 1999 629 2046 Petrosilini
672 1999 927 2061 heminam,
972 1999 1066 2059 apii
1111 1999 1303 2045 seminis
1341 1999 1614 2045 tantundem
1653 2000 1702 2046 in
1739 2014 1817 2046 cu-

217 2084 352 2117 cuma
382 2069 515 2116 fictili
544 2084 661 2115 nova
690 2071 824 2131 prius
853 2068 1032 2115 imbuta
1063 2083 1120 2114 ex
1151 2082 1267 2129 aqua
1299 2068 1533 2129 decoques
1560 2069 1616 2115 ad
1639 2071 1818 2133 tertias,

215 2142 280 2187 ita
317 2145 371 2186 ut
408 2139 600 2186 obclusa
637 2141 698 2186 sit
736 2153 947 2201 cucuma,
985 2153 1044 2184 ne
1082 2138 1372 2185 medicamen
1406 2137 1618 2200 ebulliat3
1655 2144 1818 2199 postea

217 2224 385 2271 aquam
423 2209 597 2256 colabis
635 2217 683 2256 et
720 2209 877 2255 addito
915 2207 1051 2255 melle
1082 2210 1256 2254 iterum
1287 2207 1344 2254 ad
1373 2209 1535 2254 tertias
1567 2207 1818 2271 decoques,

215 2280 325 2327 inde
362 2281 520 2326 ieiuno
560 2278 791 2326 calculoso
828 2279 1066 2339 potionem
1103 2292 1188 2339 per
1223 2277 1433 2324 triduum
1471 2276 1615 2324 dabis.
1838 2291 1879 2321 30

134 2355 215 2392 114
359 2349 570 2396 Calculos
614 2351 743 2410 potio
788 2348 903 2395 haec
949 2348 1142 2394 adsidue
1188 2352 1371 2407 sumpta
1415 2361 1522 2393 cum
1566 2361 1704 2407 passo
1745 2348 1818 2394 vel

217 2420 405 2467 condito
443 2434 538 2466 non
576 2421 685 2466 sinit
723 2420 851 2480 gigni
888 2432 1062 2479 eosque
1094 2422 1452 2464 concrescentes
1487 2417 1739 2478 confringit
1770 2425 1818 2464 et

215 2504 301 2551 per
338 2491 522 2536 urinam
559 2489 760 2536 harenae
789 2488 928 2535 modo
958 2488 1146 2549 promit,
1184 2486 1430 2533 conficitur
1461 2488 1549 2533 sic:
1589 2486 1814 2534 Calamin—

362 2616 383 2652 1
417 2608 648 2664 Cimoliae]
683 2607 916 2651 Chimonia
946 2609 1003 2650 et.
1126 2611 1151 2648 3
1182 2606 1438 2649 fomentum.
1555 2611 1578 2649 7
1609 2605 1814 2649 nuculeo-

216 2667 298 2708 lus.
471 2671 521 2707 13
555 2664 819 2719 apostimas]
850 2663 1046 2706 vomicas
1078 2662 1328 2705 Gornarius.
1498 2667 1550 2705 18
1581 2662 1812 2704 dimidium

215 2721 506 2820 ἱχᾶιζῖξὲϊίηω,
539 2722 717 2763 correoei.
814 2725 868 2761 25
900 2719 1038 2774 eunti]
1071 2731 1183 2760 eum.
1279 2722 1333 2760 26
1365 2718 1568 2760 eminam.
1657 2724 1708 2761 33
1742 2732 1815 2761 ca-
