1898 3016
776 83 1116 133 ...59-

147 227 286 260 neum
323 214 385 259 ita
417 218 469 259 ut
500 212 720 259 adsuetus
752 218 823 259 est
853 218 1017 258 sumat.
1078 210 1270 257 Postero
1305 210 1379 257 die
1412 213 1452 257 si
1482 224 1571 272 qua
1604 211 1739 257 vesti-

147 284 219 343 gia
264 281 513 343 epiphorae
559 283 888 343 remanserint,
933 282 1095 342 inungi
1140 280 1329 342 collyrio
1369 280 1522 342 aliquo
1560 281 1739 327 acriore

144 357 309 412 aquato
356 350 442 397 sub
488 365 679 412 vespere
725 351 863 398 debet
911 357 958 397 et
1002 364 1166 397 rursus
1207 351 1255 396 in
1292 349 1509 396 balneum
1547 350 1657 396 duci
1695 356 1741 396 et

143 422 302 467 vinum
339 420 513 467 bibere.
574 420 670 467 Hoc
708 421 842 467 modo
874 435 967 467 uno
998 421 1143 466 ferme
1175 419 1249 466 die
1280 418 1471 466 tolletur
1501 420 1739 482 epiphora,

100 506 122 538 5
143 491 394 552 praecipue
438 491 667 551 incipiens
714 504 865 551 neque
911 490 1062 536 adhuc
1100 489 1187 535 alio
1227 489 1563 536 medicamento
1602 495 1739 535 tacta.

146 559 237 606 Sed
289 561 329 606 si
373 574 425 606 ea
470 561 538 605 vis
585 560 726 606 suerit
770 560 1043 621 epiphorae,
1099 566 1149 605 ut
1194 573 1286 605 non
1331 558 1465 605 cedat
1510 573 1601 605 uno
1649 558 1736 620 die,

143 630 379 690 expectari
409 628 655 691 oportebit,
686 629 834 675 donec
864 630 1052 689 inpetus
1084 629 1185 675 eius
1210 628 1413 690 sedetur,
1444 635 1490 674 et
1513 630 1576 674 ita
1600 642 1739 688 aeger

141 700 190 745 in
221 698 434 745 balneum
460 698 658 744 ducatur
689 705 936 759 ceteraque
971 699 1098 759 fiant,
1133 712 1249 759 quae
1273 699 1598 759 praecepimus
1622 698 1738 744 fieri.

141 768 267 815 Idem
312 767 400 814 hoc
443 767 832 814 medicamentum
870 769 1009 814 etiam
1048 782 1189 828 supra
1228 767 1387 814 oculos
1424 767 1609 813 inlitum
1649 775 1738 814 tar-

79 855 120 886 10
142 837 246 884 dius
298 837 507 899 quidem,
560 837 641 883 sed
694 837 883 883 eosdem
935 839 1129 884 effectus
1175 842 1399 898 praestat,
1451 838 1647 883 maxime
1690 838 1739 882 in

140 908 315 954 teneris
367 906 665 969 corporibus,
717 913 769 953 ut
820 906 1069 953 mulierum
1115 912 1162 952 et
1205 920 1484 968 puerorum,
1538 920 1739 967 quorum

140 975 262 1023 oculi
307 976 480 1023 nullius
525 976 852 1030 medicamenti
889 978 981 1022 vim
1019 978 1252 1029 sustinere
1290 982 1501 1036 possunt.
1561 975 1738 1022 Triduo

139 1053 292 1093 autem
337 1052 417 1092 aut
461 1046 720 1107 quadriduo
764 1046 1041 1107 plerumque
1093 1045 1214 1092 tollit
1265 1045 1473 1091 dolorem
1525 1044 1737 1091 adiutum

140 1117 214 1162 ovi
250 1115 482 1162 infusione
514 1121 560 1161 et
591 1130 734 1176 aquae
766 1115 939 1162 calidae
971 1130 1152 1177 vapore.
1217 1114 1485 1175 Conpositio
1525 1114 1735 1176 collyrio·
1767 1121 1791 1158 2

79 1202 118 1234 15
140 1199 259 1247 rum,
297 1199 435 1246 quam
473 1186 669 1231 maxime
707 1184 867 1246 probo,
906 1185 962 1231 ad
1000 1192 1214 1231 recentes
1249 1184 1496 1245 epiphoras
1527 1183 1599 1230 vel
1630 1199 1737 1230 con-

141 1254 430 1301 turbationes
475 1254 716 1301 oculorum
761 1260 1062 1315 tumoresque
1108 1261 1155 1301 et
1192 1254 1396 1301 dolores:
1450 1253 1733 1314 plantaginis

140 1326 276 1371 tritae
316 1325 417 1370 suci
454 1324 643 1384 cyathos
679 1323 721 1369 II
759 1325 850 1369 teri
887 1323 1121 1384 oportebit
1159 1338 1266 1370 cum
1300 1338 1437 1370 croco
1478 1323 1602 1384 quod
1642 1323 1734 1369 suf-

141 1394 286 1455 ficiat,
334 1393 380 1438 id
426 1401 497 1439 est
541 1393 743 1439 denariis
781 1393 984 1456 duobuS,
1029 1393 1197 1439 deinde
1236 1400 1413 1454 cetera,
1459 1407 1577 1453 quae
1615 1392 1736 1438 infra

140 1464 313 1523 scripta
351 1468 480 1524 sunt,
526 1462 772 1508 admisceri
807 1462 958 1523 pridie
998 1468 1226 1509 macerata
1266 1477 1372 1508 cum
1411 1477 1523 1508 suco
1562 1462 1735 1508 herbae

77 1549 118 1580 20
140 1546 280 1592 supra
318 1533 532 1594 scriptae,
570 1531 615 1577 id
654 1538 725 1577 est
762 1531 887 1577 aloes
922 1531 1106 1578 Indicae
1137 1531 1177 1577 Χ
1207 1530 1304 1594 1111,
1342 1533 1543 1592 gummis
1567 1531 1736 1594 {411113

138 1607 297 1663 postea
335 1601 542 1648 eiusdem
573 1600 851 1661 plantaginis
883 1603 985 1647 suci
1015 1601 1206 1663 cyathos
1238 1601 1355 1647 duos
1386 1601 1506 1663 addi,
1545 1606 1597 1647 ut
1629 1615 1737 1647 cum

138 1672 334 1731 spissata
379 1671 521 1717 fuerit
566 1672 854 1732 commixtio,
907 1671 1094 1732 collyria
1146 1671 1395 1731 fingantur.
1476 1670 1736 1732 Utrumque

138 1746 293 1787 autem
352 1754 499 1801 genus
550 1739 878 1786 medicamenti
922 1742 1089 1786 eximie
1141 1740 1365 1801 prodesse
1421 1740 1576 1786 iudico
1629 1754 1735 1800 pro-

137 1812 334 1870 prietate
375 1809 591 1872 quadam,
635 1809 715 1855 sed
753 1811 1002 1871 praecipue
1042 1810 1166 1871 quod
1203 1809 1377 1856 nullam
1414 1810 1463 1855 in
1502 1824 1550 1855 se
1590 1811 1734 1870 aspri-

75 1895 116 1927 25
138 1879 348 1926 tudinem
385 1878 538 1941 habet,
577 1884 628 1925 ut
657 1878 892 1940 pleraque,
933 1879 1103 1940 quibus
1134 1880 1231 1926 fere
1266 1881 1559 1939 inunguntur
1589 1879 1736 1925 homi-

139 1963 234 1995 nes.
321 1948 435 1994 Nam
490 1962 607 2009 quae
652 1962 707 1994 ex
761 1948 938 1994 cadmia
989 1955 1068 1995 aut
1119 1963 1226 1995 aere
1274 1955 1378 1995 usto
1432 1948 1735 2010 eiusdemque

138 2020 322 2079 generis
359 2019 608 2079 pigmentis
646 2025 996 2080 conponuntur,
1035 2019 1244 2079 quamvis
1284 2019 1468 2064 curiose
1506 2024 1736 2079 terantur,

138 2094 350 2134 naturam
402 2095 556 2134 tamen
613 2101 743 2133 suam
795 2089 1007 2134 amittere
1060 2102 1154 2134 non
1205 2093 1426 2149 possunt3
1482 2102 1736 2149 numquam

139 2159 263 2203 enim
307 2165 359 2203 ut
404 2171 545 2203 sucus
591 2156 854 2219 diluuntur,
901 2157 982 2204 sed
1029 2171 1137 2203 cum
1182 2157 1238 2203 ad
1284 2171 1512 2203 summam
1551 2157 1730 2218 suptili-

75 2242 116 2273 30
138 2233 280 2273 tatem
317 2227 542 2287 perducta
578 2232 700 2289 sunt,
738 2233 892 2272 tamen
925 2228 1057 2288 quasi
1087 2226 1409 2287 pulverulenta
1440 2241 1632 2272 necesse
1665 2233 1736 2273 est

139 2302 374 2358 maneant,
412 2310 529 2357 quae
567 2295 811 2342 oculorum
850 2303 1005 2357 partes
1043 2295 1168 2342 velut
1204 2296 1462 2358 configunt,
1501 2302 1628 2342 certe
1660 2311 1736 2342 ex-

138 2367 286 2412 terius
323 2371 538 2426 pungunt
575 2365 798 2411 foramina
836 2367 1013 2426 primae
1052 2365 1288 2412 tuniculae
1319 2365 1456 2427 oculi,
1494 2365 1551 2411 ab
1589 2367 1735 2412 initiis

139 2434 342 2482 adhibita
387 2435 623 2481 interdum
667 2435 982 2482 molestiorem
1028 2436 1233 2482 futuram
1270 2436 1507 2481 concitant
1545 2435 1734 2496 epipho-

140 2518 252 2551 ram.
326 2504 426 2558 Quo
469 2506 656 2550 nomine
704 2506 843 2551 etiam
882 2505 1004 2566 quod
1045 2505 1119 2551 dia
1156 2504 1339 2565 glauciu
1379 2504 1550 2551 dicitur
1586 2504 1734 2566 probo
1766 2513 1791 2550 3

254 2615 278 2652 2
308 2609 523 2664 inungeri.
613 2614 637 2652 3
667 2611 839 2652 balneo.
922 2616 945 2652 6
978 2610 1191 2652 concedat
1222 2609 1472 2653 Carnarius,
1554 2616 1578 2652 8
1609 2623 1736 2663 prae-

143 2666 341 2719 cipimus.
457 2670 509 2707 16
540 2666 832 2718 tumuresque.
951 2672 1002 2708 27
1034 2666 1371 2719 pigmentorum.
1483 2670 1534 2706 32
1567 2666 1623 2707 ad
1652 2664 1736 2706 ini-

141 2720 281 2764 niciiS.
397 2726 448 2763 33
482 2721 786 2764 concitantem.
