1898 3016
830 118 1175 167 „14-

205 250 259 290 ut
301 250 347 290 et
376 258 540 305 aegros
572 259 681 291 suos
713 244 792 292 diu
823 246 871 291 in
902 245 1058 292 reditu
1089 246 1317 294 haberent
1346 254 1393 295 et
1422 250 1653 296 saeviores
1683 251 1798 311 ipsis

204 313 382 360 morbis
414 316 682 361 existerent.
729 314 1026 376 Quapropter
1056 319 1374 364 necessarium
1404 318 1517 365 mihi
1538 321 1689 366 visum
1713 327 1798 383 est,

205 383 413 445 undique
450 384 728 431 valetudinis
766 384 935 431 auxilia
973 385 1250 433 contrahere
1289 393 1335 434 et
1364 387 1509 435 veluti
1538 390 1586 435 in
1620 389 1797 436 brevia-

204 455 328 499 rium
360 453 594 517 colligere,
623 460 677 500 ut
708 469 1004 516 quocumque
1035 457 1268 503 venissem
1291 452 1545 521 (possem)
1569 459 1798 505 eiusmodi

204 523 398 570 insidias
441 526 588 570 vitare
633 530 680 570 et
729 524 815 570 hac
867 524 1037 571 fiducia
1089 528 1299 573 securior
1350 529 1440 574 iter
1491 528 1693 590 ingredi,
1746 535 1797 575 ut
1840 542 1860 574 5

205 594 362 655 sciam,
394 595 434 639 si
458 595 562 654 quis
588 594 701 640 mihi
731 593 928 655 languor
962 596 1198 658 acciderit,
1233 611 1326 643 non
1356 597 1562 644 facturos
1591 598 1798 645 medicos

204 677 261 709 ex
298 677 372 709 me
409 663 482 709 vel
518 665 635 709 meis
673 663 876 711 reditum
906 678 992 711 nec
1021 671 1262 712 taxaturos
1291 667 1694 714 incommodorum
1725 682 1798 714 oc-

204 732 471 779 casionibus
509 734 746 780 sanitates
801 734 920 780 Ante
958 737 1112 781 omnia
1149 742 1305 782 autem
1341 742 1454 798 puto
1491 738 1541 783 in
1578 743 1798 798 promptu

202 801 428 865 habenda,
453 817 571 863 quae
596 803 750 850 subito
776 803 1039 851 desiderata
1063 805 1332 852 difficillima
1358 806 1575 853 videntur
1591 808 1797 870 inventu,

204 873 327 919 sicut
364 872 518 919 oleum
555 879 703 920 vetus.
756 873 889 928 Quod
921 875 961 920 si
991 874 1047 920 ad
1077 889 1266 922 manum
1298 890 1390 922 non
1421 878 1524 939 erit,
1555 876 1797 923 celerrime
1823 891 1861 921 10

202 942 305 988 fieri
352 944 539 1003 poterit.
620 942 993 990 Defervefactum
1040 946 1164 991 enim
1210 945 1281 991 vel
1325 947 1703 993 recentissimum
1751 952 1798 992 et

203 1011 396 1058 odorem
434 1018 480 1059 et
517 1014 641 1059 vires
679 1015 986 1060 vetustissimi
1015 1020 1235 1075 praestat.
1299 1014 1359 1062 Et
1396 1018 1435 1062 si
1465 1016 1585 1062 forte
1617 1017 1797 1063 curatio

203 1083 412 1142 exegerit
456 1097 621 1144 aquam
665 1085 894 1129 marinam
937 1085 985 1129 in
1023 1084 1365 1131 mediterraneo
1405 1087 1587 1148 quaeri,
1629 1085 1796 1132 sollici-

201 1151 356 1198 tudini
391 1151 523 1198 locus
560 1167 654 1198 non
693 1154 802 1215 erit,
841 1154 882 1199 si
917 1154 981 1199 ita
1018 1156 1351 1215 prospiciatur:
1397 1154 1488 1201 duo
1527 1157 1652 1201 enim
1690 1154 1798 1201 salis

202 1222 393 1268 sextarii
428 1223 478 1267 in
509 1227 731 1282 quattuor
762 1236 907 1283 aquae
939 1225 1166 1269 sextarios
1198 1226 1328 1270 missi
1359 1226 1796 1285 temperatissimam
1820 1238 1859 1269 15

200 1292 369 1337 marini
412 1290 609 1352 liquoris
655 1293 837 1352 copiam
882 1292 1065 1339 facient.
1134 1291 1345 1355 Oxymeli
1389 1308 1498 1340 vero
1537 1294 1669 1341 facile
1708 1295 1798 1341 erit

200 1361 316 1422 fieri,
355 1362 394 1407 si
432 1360 616 1407 duobus
655 1361 831 1422 cyathis
864 1361 1013 1408 mellis
1045 1365 1277 1409 sextarius
1307 1365 1427 1410 aceti
1457 1363 1611 1410 addito
1642 1363 1797 1425 puleio

201 1438 247 1477 et
285 1430 393 1476 salis
431 1431 614 1477 modico
654 1436 1049 1491 contemperetur.
1108 1432 1301 1479 Polenta
1340 1440 1495 1480 autem
1533 1433 1621 1480 hoc
1660 1433 1795 1480 modo

199 1501 298 1546 fiet:
350 1499 590 1547 Hordeum
628 1515 747 1562 aqua
783 1501 1027 1562 perfusum
1064 1517 1155 1548 una
1195 1509 1331 1549 nocte
1370 1505 1586 1566 siccatur,
1628 1503 1795 1550 deinde

199 1570 255 1616 ad
302 1568 387 1615 XX
431 1569 574 1616 libras
619 1570 784 1616 hordei
829 1571 1097 1618 adiciuntur
1141 1579 1238 1618 tres
1283 1571 1427 1618 librae
1468 1572 1552 1619 lini
1590 1574 1794 1635 seminis,
1819 1587 1860 1617 20

200 1639 435 1686 coriandri
466 1639 649 1701 selibra,
681 1639 789 1686 salis
820 1640 1122 1703 acitabulum3
1161 1649 1273 1688 tunc
1310 1641 1477 1688 deinde
1508 1642 1622 1688 haec
1652 1644 1796 1689 mixta

199 1715 442 1756 torrentur
486 1716 533 1756 et
570 1709 689 1756 mola
727 1710 1019 1771 franguntur.
1087 1710 1315 1758 Omnibus
1353 1718 1508 1758 autem
1546 1714 1795 1759 curationi-

198 1779 287 1826 bus
334 1779 425 1825 mel
469 1781 696 1840 optimum
743 1786 836 1842 est,
883 1782 932 1826 in
977 1795 1069 1842 quo
1116 1795 1226 1842 apes
1271 1783 1562 1845 moriuntur,
1610 1788 1656 1828 et
1693 1781 1795 1828 lana

200 1849 361 1896 sucida
407 1863 459 1895 ea
506 1849 626 1896 bona
672 1856 764 1912 est,
817 1864 934 1911 quae
981 1850 1036 1896 de
1083 1853 1180 1897 ovis
1233 1851 1350 1897 collo
1395 1851 1538 1898 fuerit
1589 1851 1794 1898 adtonsa.

199 1918 415 1966 Cinerem
463 1921 617 1967 avium
667 1919 740 1966 vel
792 1919 988 1966 aliorum
1041 1920 1308 1967 animalium
1360 1921 1673 1967 desideratum
1725 1923 1792 1968 sic
1816 1934 1857 1965 25

199 1989 302 2035 fieri
339 1995 544 2050 oportet:
596 1989 648 2035 In
688 1989 824 2036 ollam
862 2004 1027 2036 novam
1063 1992 1266 2037 mittitur
1304 1992 1398 2037 avis
1436 1997 1516 2037 aut
1554 1990 1793 2052 quodlibet

199 2059 322 2105 aliud
353 2059 536 2122 animal,
570 2059 692 2120 quod
723 2061 962 2120 putaveris
986 2060 1298 2122 exurendum3
1331 2061 1453 2122 quod
1478 2060 1633 2107 addito
1657 2075 1791 2122 oper-

199 2128 304 2176 culo
359 2128 717 2190 circumlitoque
767 2130 926 2191 argilla
978 2131 1026 2176 in
1082 2130 1219 2176 furno
1279 2131 1476 2176 ferventi
1535 2130 1792 2177 torrebitur

198 2200 483 2259 spiramento
529 2199 798 2260 permodico
845 2200 979 2246 facto.
1047 2199 1443 2260 Gargarizationes
1481 2214 1589 2246 vero
1629 2214 1789 2246 omnes

199 2268 372 2315 calidae
411 2269 612 2315 utendae
650 2275 780 2331 sunt,
819 2271 941 2316 sicut
979 2276 1025 2316 et
1063 2270 1286 2332 fomenta,
1330 2276 1382 2316 ut
1419 2269 1634 2316 medendi
1672 2271 1788 2317 ratio
1813 2283 1854 2313 30

199 2344 245 2384 et
282 2353 396 2385 usus
435 2339 651 2386 ostendit.

311 2435 334 2471 3
351 2430 620 2472 valetudinis
639 2436 713 2474 ,lm
734 2431 991 2473 valitudinis
1009 2436 1101 2475 2m.
1175 2437 1390 2484 4possem
1414 2443 1491 2474 om.
1566 2434 1589 2472 5
1614 2431 1697 2472 hac
1714 2435 1791 2472 Im

197 2486 419 2528 banch.
484 2488 701 2530 fiduciam.
766 2493 813 2529 11
835 2486 1788 2530 defervefactumzmdeferverefactumem.

201 2546 250 2582 12
275 2546 376 2595 post
406 2541 520 2584 vires
553 2545 652 2586 add.
687 2546 732 2586 et
761 2545 822 2586 ut.
914 2549 963 2585 16
990 2543 1212 2596 oxymelli.
1302 2548 1351 2585 19
1376 2543 1567 2584 ordeum.
1654 2547 1708 2584 20
1733 2543 1790 2584 ad

198 2609 275 2639 om.
365 2602 415 2638 21
448 2598 718 2640 acitabulum
743 2604 818 2641 Im
850 2599 1131 2641 acetabulum
1153 2603 1242 2644 2m.
1346 2604 1396 2640 22
1420 2598 1547 2640 mole.
1636 2602 1689 2639 24
1714 2598 1791 2638 ad.-

198 2654 339 2694 tuusa.
489 2659 540 2696 27
574 2656 710 2710 quod]
743 2667 881 2708 usque
911 2668 1047 2709 supra
1078 2657 1246 2698 lineam.
1398 2654 1601 2708 operculo
1634 2654 1790 2696 litteris

199 2721 249 2750 co
279 2721 415 2761 supra
443 2723 608 2751 versum
639 2713 813 2753 additis.
976 2717 1026 2752 31
1061 2711 1254 2765 Explicit
1287 2724 1352 2765 ep.
1383 2710 1494 2764 plini
1525 2708 1704 2751 secundi
1735 2710 1788 2751 de

197 2763 428 2807 medicina.
488 2765 649 2819 Incipit
679 2766 770 2809 alia,
801 2781 866 2820 ep.
