1898 3016
763 67 1135 117 -127—

156 196 405 245 salubriter
434 196 596 242 dentes
629 194 926 242 conluuntur.
977 194 1133 240 Fimus
1163 194 1290 239 corvi
1320 192 1471 239 lanula
1496 192 1742 240 obvolutus
1773 204 1825 242 61

156 267 284 314 denti
321 280 430 312 cavo
467 265 729 327 infulcitur,
775 265 1038 311 minutatim
1076 277 1128 309 ac
1166 264 1266 308 sine
1304 262 1463 309 dolore
1505 277 1612 309 eum
1649 263 1740 309 dis-

155 338 312 383 cutiet.
365 334 624 397 Veratrum,
660 334 706 380 id
744 341 816 381 est
852 333 1022 381 bulbus
1060 331 1182 394 quod
1221 338 1293 378 est
1323 346 1469 392 genus
1500 347 1656 394 cepae,
1692 334 1737 378 in
1771 342 1823 380 62

154 414 283 452 aceto
320 404 598 465 decoquitur
634 404 775 465 idque
813 410 994 450 acetum
1033 416 1113 449 ore
1150 403 1431 464 continetur,
1472 407 1525 448 ut
1562 401 1741 448 mobili-

111 490 132 522 5
154 481 224 521 tas
261 473 469 520 dentium
506 475 710 520 sistatur.
775 473 1038 534 Ruhorum,
1083 474 1130 518 in
1170 471 1340 532 quibus
1376 485 1506 517 mora
1543 486 1740 518 nascun·
1772 482 1824 519 63

154 551 251 606 tur,
296 544 499 605 pampini
543 543 871 604 decoquuntur
914 544 963 588 in
1008 543 1114 588 vino
1159 547 1367 598 austero,
1416 541 1538 601 quod
1582 543 1740 588 vinum

154 613 344 660 adsidue
389 627 468 659 ore
513 620 692 659 tentum
743 613 813 658 vel
854 613 954 672 ipsa
1000 611 1105 658 folia
1151 610 1531 657 commanducata
1576 610 1740 657 dentes

154 682 359 730 labantes
403 682 692 728 confirmant.
763 681 987 741 Bestiola,
1033 695 1148 742 quae
1194 680 1426 726 brassicae
1467 682 1739 739 innascitur,
1771 691 1824 728 64

154 752 268 799 dens
306 753 499 798 vitiosus
538 753 723 812 saepius
755 751 1039 798 confricatus
1069 752 1191 797 intra
1223 750 1322 796 dies
1354 764 1526 811 paucos
1558 751 1738 797 eicitur.

90 837 132 869 ιο
153 821 285 868 Aeris
315 821 478 867 florem
507 820 740 882 floresque
770 820 969 866 hederae
999 821 1102 881 pari
1132 820 1337 880 pondere
1361 821 1409 866 in
1432 834 1578 866 unum
1601 821 1740 866 terito
1771 830 1822 867 65

151 893 351 952 vinoque
388 892 581 937 misceto
619 905 671 937 ac
709 890 902 937 naribus
938 890 1190 951 moderate,
1229 903 1335 935 cum
1366 889 1575 935 dentium
1610 888 1742 934 dolor

151 961 305 1022 fuerit,
341 960 548 1021 infunde,
586 961 739 1007 statim
778 961 928 1006 omnis
959 959 1169 1005 molestia
1200 959 1409 1005 dentium
1441 959 1740 1018 conpescitur

152 1037 198 1077 et
235 1037 437 1076 sanatur.

806 1111 930 1158 CAP.
968 1110 1086 1157 ΧΙΙΙ.

401 1199 710 1243 Dentifrioia
745 1199 958 1242 diversa.
995 1200 1061 1242 de
1100 1198 1495 1252 experimenti&

291 1307 628 1368 Dentifricium,
667 1306 790 1367 quod
829 1306 1097 1367 splendidos
1136 1306 1244 1352 facit
1281 1305 1458 1367 dentes,
1493 1305 1740 1352 conficitur
1773 1316 1794 1352 1

89 1393 130 1424 15
154 1378 240 1424 sic:
264 1376 458 1423 Farinae
474 1376 737 1423 hordiaciae
755 1374 802 1422 8
822 1375 840 1422 Ι
864 1377 1110 1436 conspargi
1132 1381 1317 1435 oportet
1332 1382 1462 1421 aceto
1480 1389 1586 1421 cum
1604 1374 1738 1422 melle

151 1449 295 1493 mixto
319 1453 365 1493 et
388 1446 541 1507 subigi
563 1445 739 1492 diutius
762 1452 901 1506 atque
923 1447 987 1491 ita
1014 1446 1061 1490 in
1092 1444 1302 1505 globulos
1332 1444 1475 1490 dividi
1505 1459 1607 1507 sex3
1637 1446 1737 1505 qui—

151 1515 240 1562 bus
263 1515 464 1563 dilatatis
486 1515 733 1562 admisceri
755 1514 863 1561 salis
887 1515 1063 1561 fossicii
1087 1515 1384 1574 semunciam,
1408 1514 1576 1560 deinde
1600 1514 1737 1560 furno

151 1587 308 1647 coqui,
346 1586 493 1632 donec
529 1587 578 1631 in
615 1584 865 1631 carbonem
902 1584 1193 1646 redigantur3
1231 1589 1343 1630 tunc
1380 1585 1471 1630 teri
1503 1583 1740 1644 oportebit

151 1654 308 1700 eadem
334 1661 380 1701 et
403 1655 649 1701 admisceri
672 1656 826 1715 spicae
850 1654 983 1700 nardi
1005 1653 1077 1699 vel
1100 1653 1197 1699 folii
1221 1653 1344 1714 quod
1369 1654 1481 1699 satis
1506 1653 1738 1700 videbitur

87 1739 127 1770 20
151 1724 206 1770 ad
243 1724 432 1771 odorem
471 1724 753 1770 faciendum:
791 1724 879 1770 hoc
909 1723 1098 1770 Octavia
1127 1722 1327 1783 Augusti
1360 1737 1494 1769 soror
1532 1737 1614 1769 usa
1653 1731 1736 1769 est.

148 1793 374 1840 Dentibus
399 1794 616 1840 curandis
639 1794 757 1840 bene
779 1794 887 1840 facit
909 1793 1079 1839 radicis
1103 1792 1266 1854 edulis,
1297 1792 1342 1838 id
1374 1798 1446 1838 est
1469 1806 1586 1853 quae
1611 1807 1736 1839 man·
1768 1803 1792 1840 2

148 1863 358 1924 ducatur,
389 1870 549 1910 cortex
578 1864 778 1909 arefacta
809 1870 854 1909 et
884 1870 1078 1910 contusa
1102 1862 1395 1923 cribrataque
1420 1876 1504 1923 pro
1529 1861 1737 1908 dentifri-

149 1934 220 1978 cio
245 1933 462 1979 adhibita.
491 1932 672 1979 Vitrum
696 1932 957 1995 candidum,
982 1931 1103 1992 quod
1130 1931 1278 1978 simile
1297 1937 1367 1978 est
1383 1931 1614 1993 crystallo,
1637 1931 1737 1978 dili·
1767 1943 1792 1979 3

149 2009 313 2062 genter
336 2004 499 2048 tritum
529 2002 728 2048 admixta
760 2003 885 2062 spica
916 2002 1050 2048 nardi
1079 2015 1164 2061 pro
1189 2001 1454 2047 dentifricio
1477 2000 1737 2048 adhibitum

85 2086 125 2117 25
148 2071 401 2131 plurimum
423 2071 627 2132 prodest.
673 2071 878 2118 Utuntur
905 2071 1116 2132 plerique
1141 2072 1279 2117 etiam
1301 2070 1569 2117 huiusmodi
1591 2071 1738 2117 denti—

147 2141 303 2187 fricio:
334 2141 535 2187 Herbam
559 2141 847 2188 urceolarem
873 2155 1008 2201 quam
1032 2140 1278 2200 plurimam
1304 2155 1409 2186 cum
1434 2140 1588 2186 radice
1612 2140 1737 2187 colli·
1767 2151 1794 2187 4

147 2217 275 2272 gunt,
307 2211 473 2257 deinde
504 2210 642 2257 lotam
677 2225 770 2256 uno
795 2210 868 2256 die
893 2212 1083 2271 siccant,
1105 2215 1211 2270 post
1233 2210 1355 2256 diem
1378 2210 1557 2256 recenti
1588 2212 1738 2256 muria

147 2286 396 2342 macerant,
426 2282 565 2326 tertio
596 2280 669 2326 die
701 2294 968 2340 expressam
997 2281 1046 2325 in
1070 2278 1157 2325 olla
1181 2293 1296 2325 nova
1320 2286 1606 2339 componunt
1630 2279 1736 2326 sub-

148 2349 255 2396 inde
287 2350 394 2396 salis
425 2350 601 2396 fossicii
624 2351 758 2410 quasi
780 2349 982 2395 tabulata
1006 2350 1357 2409 interponentes
1381 2355 1519 2409 atque
1546 2350 1610 2395 ita
1633 2363 1736 2410 per-

86 2433 127 2463 30
149 2426 356 2480 coquunt
372 2420 558 2466 fornace
576 2419 796 2481 balneari,
811 2419 958 2465 donec
978 2420 1026 2464 in
1043 2418 1293 2465 carbonem
1309 2418 1560 2480 redigatur,
1577 2426 1737 2479 postea

150 2490 284 2534 tritae
315 2489 570 2536 admiscent
599 2491 754 2550 spicae
777 2489 912 2535 nardi
935 2488 1056 2549 quod
1083 2490 1193 2534 satis
1219 2490 1292 2549 sit,
1316 2489 1423 2549 quia
1447 2495 1494 2534 et
1516 2488 1737 2535 candidos

190 2619 198 2630 ·
261 2599 284 2635 2
319 2596 534 2636 veratrum
560 2596 739 2649 scripsi:
762 2596 995 2636 veretrum.
1070 2596 1094 2634 5
1117 2593 1322 2634 ruborum
1349 2594 1489 2636 Ptin„-
1510 2594 1735 2635 rumienm.

150 2652 175 2688 8
205 2649 417 2692 labentes.
506 2655 556 2692 10
585 2651 677 2693 flos.
767 2655 816 2697 15
842 2650 1074 2692 ordiaciae.
1148 2653 1201 2690 20
1226 2649 1432 2692 choriia.
1505 2655 1558 2691 22
1582 2651 1735 2691 cortix.

150 2709 202 2746 23
234 2705 471 2747 canditum.
558 2711 611 2748 26
643 2706 860 2760 colligunt
888 2719 965 2747 om.
1053 2710 1106 2747 27
1138 2705 1312 2747 murria.
1398 2711 1448 2747 31
1476 2705 1734 2747 admiseunt.
