1930 3008
133 759 186 798 72

829 130 1201 180 —380—

216 258 327 306 dum
360 261 544 322 teritur,
582 258 1006 319 supermittendum
1039 258 1442 320 medicamentum,
1481 259 1605 320 quod
1635 261 1684 306 in
1715 274 1809 307 am-

215 328 341 389 pulla
387 336 478 391 est,
530 331 595 375 ita
638 334 691 374 ut
735 328 790 374 ad
837 329 1114 375 densitatem
1165 327 1506 389 cataplasmatis
1557 329 1811 393 redigatur,

217 398 426 445 addenda
453 405 499 445 et
523 398 611 444 olei
635 400 760 444 rosei
783 398 1010 445 coclearia
1034 398 1147 461 duo3
1180 399 1246 444 sic
1270 398 1587 444 inducendum
1609 400 1809 447 medica·

217 475 426 514 mentum
465 470 514 514 in
551 468 694 514 linteo
726 474 773 514 et
803 467 1130 529 adponendum
1161 467 1275 513 locis
1307 467 1586 515 dolentibus.
1639 468 1810 532 Super-

217 539 369 599 posito
416 552 524 584 vero
571 538 714 583 linteo
753 537 938 584 salubre
977 552 1080 583 esse
1118 543 1281 584 auctor
1322 537 1518 584 remedii
1554 538 1694 585 huius
1732 539 1808 586 ad·
1832 552 1854 584 5

216 607 385 670 firmat,
424 609 464 654 si
500 606 573 653 vel
610 608 710 668 ipsa
749 607 866 670 lana,
905 621 1021 668 quae
1060 621 1278 668 expressa
1309 612 1395 669 est,
1433 607 1504 653 vel
1534 607 1620 654 alia
1651 609 1812 656 sucida

218 691 359 738 supra
397 676 674 737 cataplasma
710 676 798 722 hoc
837 683 1037 737 ponatur
1075 682 1122 723 et
1156 676 1321 723 leviter
1357 676 1602 737 obligetur.

360 746 598 793 Confectio
644 746 903 808 emplastri,
948 747 1071 807 quod
1115 761 1197 793 rex
1242 746 1536 793 Ptolomaeus
1580 749 1813 795 invenisse

219 816 406 878 dicitur,
443 818 614 877 accipit
649 815 788 863 haec:
829 815 934 862 Sevi
971 817 1146 863 taurini
1181 818 1366 862 remissi
1404 816 1635 878 colatique
1674 824 1812 879 atque

218 887 267 932 in
305 885 513 947 pastillos
551 887 701 932 coacti
730 885 777 931 P.
813 885 859 948 V,
897 888 1079 932 resinae
1111 886 1254 932 frixae
1285 885 1333 934 P.
1364 885 1414 948 V,
1452 887 1679 934 medullae
1711 902 1809 934 cer-
1833 901 1876 932 10

218 957 351 1002 vinae
381 982 451 988 -—
475 955 546 1017 VI,
585 957 686 1001 suci
724 953 906 1002 mentae
941 982 1000 987 —
1028 955 1082 1018 ll,
1121 957 1222 1002 suci
1253 958 1497 1002 mentastri
1530 982 1589 988 —
1617 956 1671 1020 11,
1710 959 1813 1004 suci

219 1025 413 1072 feniculi
453 1051 512 1058 ——
548 1025 602 1087 Il,
641 1026 742 1071 suci
779 1025 1006 1071 marrubii
1035 1052 1103 1058 ———
1133 1025 1188 1087 Il,
1227 1027 1327 1071 suci
1364 1025 1631 1087 hyoscyami
1667 1051 1724 1059 —
1759 1026 1814 1090 II,

221 1097 324 1141 suci
367 1095 647 1156 plantaginis
692 1096 881 1140 maioris
925 1121 983 1127 —
1016 1094 1078 1156 II,
1117 1096 1216 1140 suci
1252 1094 1425 1155 lapathi
1455 1121 1520 1127 ——
1552 1095 1613 1158 II,
1651 1110 1814 1157 specu-

219 1164 331 1210 laris
370 1166 493 1211 cocti
531 1170 577 1210 et
615 1178 752 1224 quam
791 1165 1104 1210 minutissime
1141 1165 1241 1210 triti
1270 1163 1318 1210 P.
1349 1164 1381 1210 Ι.
1441 1163 1619 1218 Quibus
1656 1167 1703 1211 in
1743 1180 1814 1212 or-

220 1234 376 1280 dinem
413 1234 700 1294 praeparatis
740 1248 900 1280 sevum
939 1242 985 1280 et
1020 1233 1221 1280 medulla
1261 1233 1383 1280 lento
1421 1235 1519 1295 igni
1548 1236 1596 1280 in
1627 1235 1814 1282 vasculo
1837 1246 1877 1279 15

219 1318 363 1350 aeneo
401 1305 724 1365 remittentur3
761 1310 862 1350 tum
899 1305 1052 1349 resina
1084 1304 1368 1350 comminuta
1398 1309 1537 1365 atque
1568 1306 1676 1351 trita
1712 1320 1814 1352 sen-

220 1375 307 1420 sim
337 1375 386 1419 in
419 1387 578 1419 sevum
611 1375 982 1436 supermittetur,
1014 1378 1066 1419 ut
1097 1373 1237 1420 simul
1259 1372 1506 1434 liquefacta
1529 1375 1814 1434 permiscere

219 1457 269 1489 se
314 1445 519 1506 possint3
573 1443 740 1489 deinde
789 1445 838 1489 in
883 1445 1158 1489 mortarium
1209 1457 1523 1489 marmoreum
1568 1444 1815 1505 diligenter

219 1512 367 1559 colata
398 1512 718 1574 mutabuntur,
750 1527 867 1573 quae
899 1512 1050 1559 adhuc
1080 1514 1287 1573 tepentia
1319 1513 1673 1573 diligentissime
1705 1528 1813 1561 con-

218 1580 445 1629 terentur.
505 1581 631 1636 Quae
671 1597 777 1628 cum
815 1583 1004 1629 densari
1042 1584 1295 1645 coeperint,
1333 1582 1443 1628 (lum
1481 1583 1633 1630 adhuc
1665 1584 1810 1630 calida
1836 1595 1878 1626 20

219 1659 379 1714 erunt,
423 1653 486 1699 ita
524 1658 577 1698 ut
614 1652 739 1698 calor
777 1654 1002 1699 sustineri
1037 1652 1252 1698 manibus
1288 1653 1456 1715 possit,
1495 1667 1633 1699 sucos
1672 1668 1814 1715 supra

220 1724 502 1783 scriptarum
540 1721 792 1768 herbarum
832 1722 1145 1782 superfundes
1179 1727 1226 1768 et
1254 1723 1427 1768 iterum
1459 1721 1812 1782 diligentissime

219 1799 344 1839 teres
383 1798 428 1838 et
465 1793 740 1852 priusquam
777 1793 965 1852 penitus
1004 1792 1184 1838 desinat
1221 1791 1362 1853 calor,
1400 1799 1725 1852 praeparatum
1756 1793 1813 1839 de

220 1861 453 1922 speculari
496 1861 736 1922 pulverem
782 1863 952 1907 mittes.
1019 1860 1178 1922 Itaque
1222 1862 1375 1907 omnia
1412 1861 1550 1907 simul
1587 1863 1730 1908 mixta
1769 1870 1814 1909 et

220 1931 480 1978 diutissime
526 1932 635 1977 trita
682 1937 820 1992 atque
866 1931 922 1977 ad
975 1945 1202 1977 summam
1254 1930 1487 1977 levitatem
1533 1932 1718 1978 redacta
1763 1933 1812 1978 in
1835 1943 1884 1986 255

218 2003 366 2048 vitreo
398 2000 584 2047 vasculo
616 2006 920 2062 reponentur.
959 2000 1057 2047 Hoc
1090 2001 1392 2061 emplastrum
1416 2000 1528 2046 utile
1553 2001 1625 2047 his
1650 2001 1814 2048 rebus:

219 2070 274 2117 ad
321 2070 573 2131 podagram
622 2077 668 2116 et
714 2085 962 2117 nervorum
1015 2070 1200 2116 dolores
1251 2072 1710 2133 contractionesque,
1757 2071 1812 2118 ad

218 2140 325 2187 luxa
370 2139 443 2186 vel
489 2140 653 2203 fracta,
707 2140 762 2186 ad
808 2141 1019 2200 pustulas
1065 2154 1247 2202 omneS,
1293 2139 1350 2186 ad
1396 2139 1592 2186 duritias
1637 2155 1814 2202 omnes,

218 2211 471 2271 praecipue
510 2210 565 2256 ad
603 2224 908 2256 mammarum
947 2211 1078 2271 vitia,
1123 2209 1178 2256 ad
1219 2211 1549 2271 carcinomata,
1594 2210 1650 2257 ad
1688 2210 1812 2271 glan-

219 2279 365 2341 dulas,
397 2279 453 2325 ad
484 2279 676 2326 vulnera
707 2281 861 2325 omnia
892 2279 1100 2341 quolibet
1135 2279 1271 2325 modo
1295 2280 1507 2340 inpressa
1531 2279 1601 2325 vel
1632 2286 1812 2326 vetusta
1835 2291 1877 2322 30

218 2348 291 2395 vel
328 2350 549 2412 recentia,
588 2349 643 2395 ad
681 2349 946 2395 lumborum
985 2355 1031 2395 et
1067 2348 1136 2395 ilii
1173 2348 1394 2410 dolorem,
1432 2349 1487 2394 ad
1520 2349 1814 2409 scapularum

219 2418 441 2482 dolorem,
478 2419 533 2464 ad
572 2418 811 2480 pthisicos,
849 2420 913 2465 ita
950 2426 1002 2465 ut
1040 2418 1340 2479 emplastrum
1379 2418 1467 2464 hoc
1504 2418 1729 2465 inducant
1767 2425 1813 2465 et

219 2488 396 2534 caldam
442 2503 608 2549 aquam
657 2488 853 2535 mulsam
898 2488 1082 2551 bibant,
1127 2488 1182 2534 ad
1228 2488 1437 2534 dentium
1483 2487 1711 2552 dolorem,
1756 2489 1812 2535 ad

218 2559 508 2618 gingivarum
554 2559 885 2620 carcinomata,
930 2558 985 2604 ad
1032 2559 1197 2618 capitis
1242 2563 1288 2603 et
1333 2557 1576 2603 oculorum
1615 2558 1812 2620 dolores,

217 2628 280 2673 ita
313 2633 364 2673 ut
395 2627 696 2687 emplastrum
729 2626 993 2674 dolentibus
1024 2627 1171 2674 oculis
1196 2634 1553 2689 superponatur,
1585 2627 1639 2674 ad
1671 2642 1810 2674 mem·
1834 2637 1875 2670 35

358 2778 412 2816 28
443 2773 626 2816 duritias
658 2774 923 2830 Stephanus:
954 2773 1142 2815 duricies
1176 2773 1423 2816 Cornarius.
