1898 3016
748 109 1126 160 —246—

132 236 265 299 calet,
297 250 431 283 cerae
460 236 677 283 Ponticae
709 238 755 283 in
789 237 962 284 frustra
994 237 1206 285 redactae
1230 238 1279 286 P.
1303 239 1336 301 Ι,
1367 240 1456 287 0Ιεί
1485 243 1595 287 irini
1623 242 1671 290 P.
1694 243 1727 303 Ι,

134 305 225 352 olei
255 307 437 368 cyprini
466 306 515 352 P.
540 306 572 368 I,
604 306 692 353 olei
724 307 892 353 laurini
923 307 971 353 P.
1005 306 1037 369 l,
1069 307 1160 355 olei
1190 311 1360 356 veteris
1390 310 1438 358 P.
1463 310 1517 373 ΙΙ,
1550 313 1726 372 piperis

134 375 227 422 albi
264 377 449 423 contusi
486 383 532 423 et
570 391 654 437 per
691 378 1020 423 tenuissimum
1063 377 1270 425 cribrum
1309 382 1572 427 transmissi
1601 381 1640 427 X
1671 382 1726 444 ΙΙ,

131 445 344 507 pyrethri
389 448 575 494 contusi
620 453 666 492 et
702 461 787 507 per
825 447 948 493 idem
987 447 1196 494 cribrum
1234 450 1418 496 traiecti
1447 449 1486 496 X
1516 450 1547 498 I.
1603 451 1726 499 Haec

131 517 181 561 in
221 530 364 562 unum
401 517 678 578 miscentur,
724 518 970 577 reponitur
1008 517 1397 565 medicamentum
1434 533 1542 566 vaso
1580 520 1724 568 fictili.
1748 531 1768 563 5

132 584 263 632 Facit
278 591 465 647 praeter
488 585 748 632 remedium
772 585 1036 633 lumborum
1063 594 1108 633 et
1128 588 1183 634 ad
1201 603 1384 635 omnem
1402 589 1609 636 dolorem
1627 605 1726 637 cor-

131 656 260 715 poris
293 661 339 701 et
368 669 634 717 nervorum,
666 655 911 702 muliebria
944 671 1130 718 quoque
1158 657 1255 704 loca
1281 658 1528 705 durissima
1559 659 1726 723 mollit,

132 739 239 771 cum
271 725 351 772 diu
375 725 476 771 aliis
501 725 853 772 medicamentis
878 725 993 772 nihil
1016 727 1277 787 profectum
1303 733 1386 790 est,
1411 728 1498 775 hoc
1522 730 1725 789 prodest.

272 794 515 857 Malagma,
560 796 683 856 quod
728 797 916 857 proprie
954 796 1064 843 facit
1101 798 1156 843 ad
1194 797 1458 844 lumborum
1498 799 1725 847 dolorem:

130 864 256 911 Picis
287 864 488 926 quuidae
521 862 568 911 8
599 864 655 928 ΙΙ,
693 865 782 912 olei
817 868 988 912 veteris
1019 864 1067 912 S
1099 866 1132 928 Ι,
1170 869 1351 914 resinae
1383 868 1723 916 terebinthinae
1749 879 1788 910 10

130 933 179 981 P.
218 934 258 996 Ι,
304 949 437 981 cerae
484 935 532 981 P.
572 934 633 997 ΙΙ,
680 949 874 982 mannae
914 935 960 982 P.
1004 936 1175 998 bessis,
1220 937 1434 984 afronitri
1477 937 1524 984 P.
1564 940 1723 986 triens.

132 1002 360 1065 Coquitur
397 1006 475 1065 pix
513 1019 621 1051 cum
659 1004 774 1067 oleo,
812 1005 960 1052 donec
999 1007 1147 1066 spissa
1185 1007 1282 1069 fiat,
1321 1013 1426 1067 post
1463 1007 1550 1053 hoc
1586 1008 1724 1055 adici-

130 1079 208 1120 tur
253 1075 428 1135 resina,
474 1074 641 1121 deinde
687 1089 793 1120 cera
839 1081 885 1121 et
929 1075 1186 1122 secundum
1231 1076 1350 1122 hanc
1389 1090 1443 1122 ex
1480 1077 1723 1123 intervallo

129 1157 310 1191 manna.
366 1143 454 1190 Ubi
485 1143 726 1204 emplastri
756 1144 945 1190 habebit
975 1145 1170 1205 figuram
1202 1146 1604 1207 medicamentum,
1641 1147 1724 1193 tol-

129 1211 253 1260 letur
276 1212 343 1259 ab
374 1215 480 1274 igne
512 1220 559 1260 et
589 1228 694 1260 cum
727 1219 970 1274 tepescere
1002 1216 1222 1277 coeperit,
1261 1216 1539 1261 afronitrum
1569 1231 1723 1277 asper·
1748 1227 1787 1260 15

130 1290 267 1343 getur
305 1285 493 1346 sensim,
530 1298 589 1329 ne
628 1284 994 1345 superfundatur
1033 1284 1156 1345 quod
1194 1286 1242 1331 in
1280 1284 1476 1344 caccabo
1516 1292 1598 1332 est.

271 1353 493 1414 Malagma
525 1353 581 1399 ad
606 1367 791 1400 omnem
815 1353 1022 1400 dolorem
1049 1361 1253 1401 veterem
1279 1369 1334 1400 ex
1360 1354 1564 1415 qualibet
1588 1370 1726 1402 causa

130 1423 317 1486 factum,
348 1425 599 1484 praecipue
632 1423 687 1469 ad
713 1423 978 1470 lumborum
1004 1423 1226 1487 dolorem,
1258 1426 1345 1471 sic:
1377 1423 1578 1470 Bidellae
1610 1425 1647 1471 X
1672 1424 1727 1488 ΙΙ,

131 1495 326 1540 storacis
374 1493 412 1539 X
443 1493 499 1553 V,
546 1494 708 1554 oesypi
753 1492 791 1539 X
822 1493 883 1554 ΙΙ,
929 1495 1205 1540 ammoniaci
1242 1493 1280 1539 X
1319 1493 1369 1556 V,
1414 1495 1590 1555 piperis
1636 1494 1725 1541 albi

129 1562 169 1609 Χ
199 1562 264 1625 ΙΙ,
303 1564 423 1609 turis
462 1562 500 1608 Χ
532 1563 581 1624 V,
619 1562 839 1610 bacarum
879 1563 997 1609 lauri
1035 1563 1082 1609 P.
1114 1563 1154 1623 Ι,
1200 1563 1544 1610 terebinthinae
1584 1564 1622 1610 Χ
1654 1564 1725 1626 VI,
1750 1574 1789 1606 20

129 1635 409 1694 opopanacis
448 1632 487 1679 X
525 1632 586 1695 ΙΙ,
633 1633 783 1694 adipis
828 1635 997 1679 taurini
1045 1632 1082 1679 X
1123 1632 1199 1693 VI,
1245 1633 1472 1679 medullae
1511 1635 1724 1680 cervinae

128 1701 169 1749 X
209 1702 257 1764 V,
295 1702 502 1764 propolis
541 1701 587 1750 P.
628 1702 681 1764 S,
727 1702 816 1749 olei
863 1704 1033 1749 veteris
1070 1702 1118 1749 P.
1157 1702 1196 1759 Ι,
1242 1717 1376 1749 cerae
1415 1703 1461 1749 P.
1500 1702 1560 1764 II,
1606 1706 1724 1750 turis

73 1784 81 1787 “
127 1772 315 1834 pollinis
345 1772 393 1819 P.
425 1772 457 1819 Ι.
515 1772 694 1835 Oleum,
733 1787 854 1835 cera,
891 1774 1059 1833 resina,
1098 1772 1305 1833 propolis
1343 1773 1610 1835 liquefiunt,
1649 1773 1724 1820 de-

128 1843 237 1889 inde
269 1844 388 1889 turis
412 1842 599 1904 pollinis
623 1842 807 1904 pondus
832 1843 1050 1904 superius
1076 1843 1250 1889 dictum
1276 1842 1475 1889 adicitur
1500 1848 1546 1889 et
1570 1849 1725 1889 cetera

128 1913 393 1959 minutatim
425 1912 497 1958 vel
526 1914 575 1958 in
606 1927 752 1959 unum
783 1917 993 1974 contusa,
1028 1918 1189 1972 postea
1227 1911 1556 1973 decoquuntur
1587 1912 1724 1959 simul
1747 1922 1788 1954 25

128 1984 303 2044 omnia3
343 1997 655 2043 opopanacem
695 1996 805 2028 sane
845 1981 946 2028 oleo
985 1981 1100 2028 dilui
1137 1984 1268 2043 prius
1307 1988 1504 2042 oportet.

267 2051 672 2109 Medicamentum,
713 2051 836 2113 quod
875 2052 985 2098 facit
1015 2051 1071 2097 ad
1103 2066 1264 2098 omnes
1297 2051 1614 2098 membrorum
1646 2052 1723 2097 do-

128 2121 272 2187 lores,
320 2122 443 2182 quod
490 2122 734 2183 anodynon
772 2121 1043 2182 appellatur.
1112 2121 1242 2168 Facit
1280 2128 1434 2167 autem
1473 2122 1722 2182 praecipue

128 2191 184 2238 ad
222 2190 491 2238 lumborum
531 2191 729 2254 dolores,
769 2192 1016 2238 conficitur
1048 2192 1136 2238 sic:
1175 2191 1353 2253 Myrrae
1385 2189 1423 2235 X
1451 2189 1565 2253 VIII,
1596 2191 1724 2236 croci

127 2260 166 2307 X
206 2260 306 2324 VII,
352 2263 633 2322 opopanacis
672 2260 854 2323 itidem,
900 2262 1095 2307 storacis
1143 2260 1180 2306 X
1217 2260 1278 2323 ΙΙ,
1324 2259 1486 2306 alterci
1531 2261 1722 2306 seminis
1746 2270 1786 2300 30

127 2330 167 2376 X
191 2330 239 2388 V,
279 2332 375 2392 opii
407 2330 444 2377 X
468 2330 540 2392 VI,
571 2331 904 2392 mandragorae
936 2330 1107 2377 radicis
1139 2329 1210 2376 vel
1241 2331 1377 2376 etiam
1409 2330 1597 2375 corticis
1627 2329 1665 2375 X
1690 2329 1721 2391 I,

126 2402 303 2461 piperis
334 2400 427 2447 albi
450 2399 490 2447 X
512 2400 545 2447 Ι.
596 2400 981 2462 Consparguntur
1006 2401 1113 2446 trita
1138 2406 1183 2446 et
1207 2399 1408 2445 cribrata
1431 2398 1544 2445 haec
1569 2401 1722 2445 omnia

129 2485 184 2516 ex
222 2485 340 2531 aqua
371 2469 574 2532 pluviali,
613 2471 730 2517 fiunt
762 2469 1196 2531 pastilli-victoriati
1226 2469 1391 2515 tertiae
1423 2470 1582 2530 partis,
1614 2469 1722 2515 dan-

129 2547 207 2586 tur
244 2542 400 2587 ieiuno
441 2555 497 2586 ex
535 2554 680 2601 aquae
719 2539 883 2602 cyatho
922 2553 1014 2586 uno
1060 2545 1106 2584 et
1150 2552 1205 2584 ex
1250 2540 1375 2599 passi
1413 2538 1576 2599 cyatho
1617 2553 1721 2585 uno.

271 2650 290 2686 1
317 2644 460 2688 frusta
483 2646 676 2689 Scribon.
773 2650 797 2687 3
821 2645 1021 2687 criblum.
1124 2647 1174 2684 10
1195 2642 1502 2695 terebintinae,
1533 2646 1630 2686 item
1654 2648 1719 2687 20.

127 2705 179 2799 ἑὲ
211 2701 488 2811 ξιέἓὶιεέοΐξθ
521 2701 748 2744 storachis.
829 2700 993 2754 hysopi.
1076 2703 1129 2741 26
1161 2697 1318 2741 oleum.
1407 2704 1459 2742 30
1492 2699 1719 2742 storachis.
