1898 3016
823 107 1166 156 ...42-

194 233 386 282 adsidue
424 231 579 279 bulbis
618 235 764 295 tritis,
810 233 988 281 sulfure
1029 236 1131 281 vivo
1170 241 1216 281 et
1254 236 1359 282 vino
1396 235 1517 283 bono
1555 238 1603 283 in
1642 250 1787 283 unum

139 312 163 350 2
193 304 454 366 permixtis.
519 302 635 349 Item
680 304 872 364 prodest
913 304 1068 350 cedria
1108 311 1287 351 tantum
1325 320 1501 367 ungere
1539 314 1680 367 caput
1716 305 1787 371 vel

137 382 162 419 3
193 373 280 420 alio
319 374 431 419 trito
469 378 517 419 et
553 379 684 419 aceto
723 379 771 420 et
800 375 937 420 nitro.
998 374 1164 420 Farina
1201 375 1392 422 feniculi
1422 390 1478 422 ex
1510 377 1615 423 vino
1647 376 1788 436 capiti

192 443 381 489 inducta
419 444 683 503 porrigines
728 449 975 506 expurgat3
1022 444 1227 491 furfures
1273 459 1459 507 quoque
1495 445 1620 492 idem
1658 459 1787 506 prae·

136 523 164 560 4
195 519 332 575 stant,
364 514 404 558 si
434 520 573 573 caput
603 512 710 558 inde
742 513 933 559 adsidue
964 515 1013 558 in
1037 513 1201 560 balneo
1231 513 1400 562 luatur.
1459 515 1699 578 Hysopum
1732 529 1788 561 ex
1811 525 1831 558 5

138 593 161 631 5
193 582 294 630 oleo
329 585 493 629 tritum
525 588 571 628 et
600 582 875 629 instillatum
907 585 1048 644 capiti
1077 585 1288 645 pityriasi
1320 585 1548 632 medetur.
1608 581 1788 647 <Ovis>

194 668 250 699 ex
281 654 387 698 vino
419 658 466 698 et
495 651 596 698 oleo
628 658 674 698 et
705 652 862 699 cedria
893 655 1129 714 pruritum
1161 654 1456 716 scabiemque
1489 655 1653 716 capitis
1690 653 1791 700 tolli

138 733 163 770 6
195 723 494 769 manifestum
547 727 638 782 est,
692 724 733 768 si
776 730 979 783 ungatur
1023 723 1230 770 adsidue.
1300 724 1572 786 Prurigines
1625 725 1790 785 capitis

195 793 388 839 discutit
425 791 486 838 fel
524 791 713 838 ovillum
749 792 934 839 inlitum
972 807 1078 839 cum
1117 801 1244 840 creta
1269 794 1472 856 Cimolia,
1512 795 1658 840 donec
1690 808 1788 840 are-

138 874 161 911 7
193 869 311 910 scat:
371 863 543 908 mirum
587 868 670 908 est.
747 861 932 909 Nitrum
977 862 1169 909 alumini
1220 864 1476 911 admixtum
1519 866 1787 926 prurigines
1811 875 1851 905 10

138 943 163 980 8
195 933 359 994 capitis
389 931 524 993 tollit,
555 933 596 977 si
626 931 733 978 inde
766 932 1039 994 frequenter
1069 933 1265 980 fricetur
1295 941 1341 980 et
1371 934 1562 982 lavetur.
1620 933 1784 980 Ulcera

194 1005 242 1049 in
280 1004 429 1063 capite
467 1007 703 1062 tamquam
740 1004 961 1063 proprius
999 1002 1190 1050 morbus
1234 1006 1484 1065 praecipue
1529 1003 1786 1050 infantibus

192 1078 475 1134 nascuntur,
528 1071 611 1118 sed
664 1078 710 1118 et
754 1074 878 1118 viros
923 1080 970 1118 et
1014 1073 1233 1120 mulieres
1279 1077 1481 1134 graviter
1525 1074 1785 1120 molestant.

192 1141 317 1188 Haec
355 1155 465 1202 ergo
504 1141 609 1187 felle
648 1143 831 1188 taurino
869 1157 977 1188 cum
1014 1148 1146 1189 aceto
1183 1143 1413 1204 tepefacto
1450 1143 1581 1190 inlita
1611 1143 1789 1189 efficaci

137 1222 161 1259 9
194 1211 400 1258 remedio
433 1218 669 1258 sanantur.
731 1211 902 1258 Sevum
933 1212 1065 1258 vituli
1094 1226 1201 1258 cum
1239 1213 1332 1259 sale
1363 1213 1608 1260 subactum
1639 1212 1787 1259 utilis·
1812 1224 1850 1256 15

111 1292 164 1329 10
195 1283 310 1328 sime
349 1280 599 1327 adhibetur
635 1282 859 1343 pityriasi.
919 1281 1165 1328 Testarum
1194 1284 1428 1329 muricum
1458 1283 1531 1330 vel
1559 1297 1787 1344 purpura-

193 1365 298 1398 rum
336 1357 606 1397 exustarum
646 1353 852 1397 cinerem
890 1365 946 1397 ex
985 1351 1119 1398 melle
1159 1352 1396 1399 ulceribus
1431 1355 1597 1415 capitis
1627 1354 1790 1414 inponi

110 1431 159 1468 11
194 1426 391 1482 oportet.
465 1420 618 1467 Alium
665 1435 772 1467 cum
819 1436 902 1467 sua
948 1427 1072 1467 reste
1119 1421 1399 1469 conburitur
1440 1425 1651 1484 cinisque
1689 1424 1790 1468 eius

110 1501 161 1538 12
194 1506 250 1538 ex
302 1491 404 1537 oleo
450 1492 591 1551 capiti
642 1490 856 1537 ulceroso
902 1493 1156 1552 inponitur.
1231 1491 1397 1539 Oleum
1448 1492 1789 1555 amygdalinum

110 1571 161 1609 13
194 1575 299 1608 cum
340 1562 444 1606 vino
482 1562 657 1621 optimo
696 1562 980 1621 permixtum
1017 1568 1244 1622 expurgat
1281 1564 1445 1623 capitis
1476 1564 1598 1609 vitia.
1664 1562 1789 1608 Folia
1813 1573 1852 1604 20

192 1630 311 1692 rubi,
350 1632 397 1676 ln
437 1645 527 1690 quo
565 1645 695 1676 mora
732 1637 1004 1693 nascuntur,
1043 1631 1170 1677 arida
1201 1634 1401 1678 contrita
1433 1634 1576 1693 capiti
1605 1634 1786 1693 insper-

192 1706 367 1762 guntur
419 1706 465 1745 et
517 1700 720 1760 desuper
770 1699 873 1746 lana
926 1701 1087 1747 sucida
1132 1707 1179 1747 et
1230 1702 1389 1748 charta
1438 1704 1787 1764 superponitur.

109 1781 163 1817 14
193 1770 336 1816 Malva
382 1771 580 1816 erratica
617 1784 725 1816 cum
762 1772 897 1817 urina
935 1770 1149 1833 humana,
1187 1771 1233 1817 id
1273 1778 1343 1818 est
1380 1772 1562 1834 puerili,
1601 1774 1711 1818 trita
1743 1777 1789 1818 et

107 1851 160 1888 15
193 1841 394 1901 inposita
432 1839 560 1886 valde
600 1841 745 1886 siccat
782 1842 946 1901 capitis
985 1854 1184 1887 umores.
1262 1840 1426 1888 Omnia
1472 1848 1627 1889 autem
1667 1843 1788 1903 capi-

192 1913 252 1957 tis
292 1909 469 1970 ulcera,
507 1925 613 1956 cum
651 1916 847 1971 purgata
885 1916 1014 1971 sunt,
1051 1911 1388 1957 iucundissime
1428 1912 1483 1958 ad
1522 1914 1787 1958 cicatricem
1814 1922 1854 1953 25

192 1980 517 2041 perducuntur
556 1981 644 2027 sic:
701 1980 903 2041 Spumae
941 1983 1122 2041 argenti
1158 1987 1324 2027 tunsae
1362 1981 1530 2028 selibra
1570 1988 1617 2028 et
1654 1996 1788 2028 cerae

192 2049 330 2111 libra,
368 2063 586 2096 cerussae
624 2050 755 2111 libra,
794 2050 885 2096 olei
922 2053 1103 2096 rosacei
1140 2050 1270 2113 libra,
1313 2066 1420 2097 cum
1457 2051 1705 2112 liquefacta
1743 2058 1790 2097 et

194 2121 334 2165 mixta
373 2125 419 2165 et
455 2121 564 2165 trita
597 2119 771 2166 fuerint
802 2120 930 2182 haec,
971 2120 1311 2181 refrigerantur
1342 2129 1388 2167 et
1419 2122 1686 2167 adiciuntur
1715 2120 1789 2166 his

194 2203 387 2236 ovorum
424 2191 717 2236 incoctorum
757 2196 977 2251 quattuor
1016 2190 1152 2252 lutea,
1190 2190 1235 2236 id
1268 2197 1340 2236 est
1371 2191 1536 2252 vitella,
1575 2197 1621 2237 et
1652 2190 1789 2237 simul

193 2259 367 2319 pistillo
391 2261 440 2306 in
457 2261 678 2305 mortario
702 2261 1049 2321 permiscentur
1073 2267 1209 2319 atque
1233 2259 1339 2306 inde
1365 2261 1606 2306 inducitur
1629 2266 1788 2321 caput:
1813 2271 1854 2301 30

112 2340 163 2377 16
193 2331 364 2375 mirum
395 2328 654 2375 remedium
688 2331 956 2390 experieris
1005 2329 1241 2375 Nasturcii
1264 2343 1423 2388 semen
1446 2331 1643 2376 mixtum
1667 2330 1793 2391 adipi

195 2401 437 2445 anserinae
472 2400 731 2460 tritumque
770 2399 977 2446 furfures
1016 2400 1182 2459 capitis
1220 2399 1410 2446 adsidua
1448 2399 1674 2446 lavatione
1713 2400 1791 2446 de-

114 2479 163 2516 17
195 2467 336 2529 pellit.
397 2469 536 2516 Betae
576 2470 737 2516 viridis
776 2474 998 2515 contusae
1036 2482 1404 2529 expressaequae
1443 2484 1556 2516 suco
1595 2471 1791 2531 porrigi-

196 2551 363 2584 nosum
409 2544 548 2600 caput
593 2539 865 2600 frequenter
901 2539 950 2584 in
988 2537 1151 2584 balneo
1191 2537 1337 2585 lotum
1374 2541 1501 2585 omni
1539 2539 1644 2586 tabe
1682 2553 1791 2600 pur-

310 2706 334 2743 3
373 2700 576 2756 feniculi]
615 2701 705 2743 feni
745 2700 894 2754 graeci
930 2700 1050 2743 Ptin.
1222 2704 1246 2742 5
1284 2701 1519 2756 hysopum]
1564 2715 1789 2756 oesypum.

198 2762 222 2799 6
251 2758 346 2801 ovis
376 2757 533 2800 addidi
561 2770 581 2799 e
615 2757 736 2798 Ptin.
856 2759 905 2797 18
936 2757 1049 2798 reste
1078 2756 1222 2798 Ptin„-
1252 2760 1386 2799 veste.
