1898 3016
767 103 1143 153 -186—

72 239 127 278 59
158 232 454 292 continuum,
499 232 539 276 si
583 231 646 276 ita
691 244 883 277 necesse
932 231 1094 292 fuerit,
1144 232 1305 278 uteris.
1378 231 1542 279 Pulmo
1589 231 1754 278 ovillus

157 314 296 361 quam
333 301 686 346 recentissimus
723 301 963 362 protinus,
1001 299 1110 346 dum
1143 300 1293 347 adhuc
1327 307 1477 363 tepet,
1515 301 1754 363 adpositus

74 380 127 418 60
157 371 380 416 continuo
425 370 617 416 discutit
666 376 712 416 et
765 376 993 430 expurgat
1044 369 1228 416 livores.
1301 370 1406 417 Alni
1457 371 1565 417 folia
1616 386 1754 432 quam

157 440 356 501 plurima
387 445 434 486 et
457 441 663 486 recentia
688 442 1003 500 superinpone
1028 445 1075 486 et
1099 440 1246 503 alliga,
1270 440 1533 487 medeberis
1563 443 1754 502 tumori,

156 509 348 556 livorem
386 524 496 556 vero
535 511 674 555 etiam
712 523 840 570 eum,
886 511 966 570 qui
1008 509 1064 555 de
1104 512 1328 571 sanguine
1367 509 1590 557 collectus
1628 511 1751 557 vide·
1777 523 1798 555 5

75 589 125 627 61
158 579 305 641 bitur,
343 578 491 625 tolles.
557 578 856 625 Absinthium
894 580 1059 626 tritum
1098 586 1145 626 et
1182 595 1289 626 cum
1328 580 1462 627 melle
1500 580 1755 641 diligentis-

157 651 273 696 sime
318 649 564 696 subactum
610 648 897 709 malagmatis
942 649 1079 695 modo
1125 651 1395 710 impositum
1446 649 1615 696 livores
1663 652 1755 696 cito

73 728 127 766 62
159 721 342 766 eximet.
406 718 562 765 Vitelli
599 733 793 765 ovorum
830 721 1126 766 incoctorum
1163 721 1381 780 coagitati
1419 727 1465 766 et
1495 720 1616 766 inliti
1645 719 1755 766 livo-

157 803 248 851 res,
287 790 369 850 qui
406 803 462 835 ex
493 796 675 835 tumore
707 795 786 835 aut
817 788 1073 836 conlisione
1104 788 1258 851 aliqua
1288 790 1399 836 facti
1430 797 1583 852 erunt,
1614 791 1755 836 etiam

156 864 339 906 veteres
378 864 643 906 extenuant.
1778 872 1819 904 ιο

73 938 124 976 63
297 929 366 975 Ad
403 928 652 989 lentigines
686 928 743 975 de
774 928 890 976 facie
920 928 1148 976 tollendas
1177 928 1446 976 lenticulam
1475 944 1583 976 cum
1614 928 1754 976 scobe

158 1000 289 1046 tenui
333 999 390 1045 de
436 1013 579 1045 corno
626 1000 814 1045 cervino
869 1005 915 1045 et
966 1013 1126 1045 sevum
1180 1000 1419 1046 cervinum
1467 1001 1642 1060 pariter
1688 998 1754 1045 di-

155 1069 280 1131 vide,
334 1083 482 1130 coque
529 1075 576 1115 et
620 1075 719 1115 tere
766 1075 904 1130 atque
957 1069 1065 1115 inde
1117 1069 1283 1115 faciem
1328 1068 1398 1115 vel
1442 1074 1548 1115 ante
1592 1068 1756 1115 horam

155 1138 310 1185 balnei
348 1138 418 1184 vel
456 1140 595 1185 etiam
632 1140 682 1184 in
712 1138 877 1184 balneo
908 1138 1181 1199 frequenter
1210 1138 1408 1200 inlinito,
1446 1139 1508 1185 ita
1539 1144 1591 1185 ut
1623 1140 1756 1200 quasi

155 1223 240 1270 pro
286 1222 403 1270 pane
448 1208 577 1254 molli
623 1210 789 1270 utaris,
836 1208 1212 1255 efficacissimum
1250 1208 1641 1255 medicamentum
1679 1223 1754 1254 ex·
1778 1220 1817 1253 15

155 1279 376 1340 perieris,
429 1278 510 1324 sed
563 1277 810 1334 lenticulae
856 1279 1003 1324 maior
1050 1292 1159 1339 pars
1208 1279 1289 1340 sit,
1342 1292 1515 1325 cornus
1569 1285 1614 1324 et
1659 1279 1757 1324 sevi

156 1348 362 1410 aequalis
398 1362 632 1395 mensura.

72 1427 126 1465 64
297 1417 501 1465 Herbam
538 1418 876 1480 verrucariam,
921 1417 966 1463 id
1013 1423 1084 1464 est
1120 1417 1473 1481 heliotropium,
1512 1424 1756 1465 contusam

156 1496 202 1535 et
246 1488 486 1535 subactam
532 1488 711 1534 adiecta
757 1487 864 1534 salis
909 1489 1026 1534 mica
1081 1487 1433 1549 adpositamque
1479 1487 1754 1534 malandrio-

156 1561 220 1605 sis
266 1558 339 1604 vel
382 1558 479 1620 his,
525 1559 607 1619 qui
651 1571 871 1604 verrucas
921 1559 1185 1619 patiuntur,
1230 1558 1453 1618 prodesse
1499 1557 1755 1618 plurimum
1778 1570 1819 1601 20

72 1637 124 1676 65
157 1634 352 1676 constat.
411 1627 725 1674 Verrucarum
756 1641 929 1688 genera
960 1629 1112 1673 omnia
1142 1627 1239 1674 fimi
1270 1629 1423 1674 canini
1455 1629 1607 1674 exusti
1638 1628 1755 1674 cinis

156 1705 290 1745 curat
327 1699 597 1760 impositus,
634 1699 770 1744 urina
809 1712 994 1758 quoque
1027 1699 1156 1744 canis
1194 1711 1300 1744 cum
1333 1712 1416 1744 suo
1447 1698 1628 1743 recenti
1657 1696 1754 1743 luto

71 1777 124 1816 66
155 1768 285 1815 inlita
324 1767 578 1829 plurimum
615 1767 821 1828 prodest.
886 1766 1085 1828 Sanguis
1122 1781 1288 1814 recens
1324 1769 1473 1814 muris
1510 1768 1654 1814 occisi
1683 1765 1757 1813 vel

155 1840 255 1900 ipse
294 1852 399 1884 mus
437 1838 613 1884 divisus
651 1843 789 1898 atque
825 1837 1065 1898 adpositus
1097 1843 1228 1883 sanat
1259 1843 1306 1883 et
1336 1836 1490 1884 abolet
1520 1850 1754 1883 verrucas.

72 1918 124 1955 67
156 1908 318 1955 Fimus
357 1907 521 1954 ovillus
559 1922 726 1954 recens
763 1906 978 1953 manibus
1017 1906 1238 1954 subactus
1277 1913 1324 1953 et
1354 1907 1594 1968 emplastri
1623 1921 1752 1953 more
1777 1918 1818 1952 25

156 1979 397 2039 adpositus
436 1977 647 2038 deterget
685 1991 917 2024 verrucas.

70 2057 123 2095 68
296 2048 364 2094 Ad
397 2047 629 2094 lichenem
660 2046 790 2094 fabae
822 2047 996 2093 farinae
1027 2048 1213 2094 unciam
1243 2046 1275 2108 I,
1307 2046 1430 2093 faeni
1463 2047 1618 2107 graeci
1648 2046 1754 2092 fari-

155 2132 241 2164 nae
286 2119 474 2165 unciam
511 2117 551 2174 Ι,
599 2119 803 2164 samsuci
846 2118 1031 2163 unciam
1070 2116 1109 2178 I,
1155 2117 1328 2163 farinae
1366 2116 1530 2162 hordei
1569 2117 1754 2162 unciam

155 2201 310 2250 unam,
341 2187 604 2249 aphronitri
626 2189 813 2238 unciam
839 2186 884 2249 S,
913 2186 1152 2247 sulphuris
1176 2187 1361 2233 unciam
1387 2185 1432 2248 S,
1457 2186 1554 2231 ervi
1577 2185 1751 2231 farinae

154 2259 341 2304 unciam
382 2257 425 2304 S.
492 2256 616 2304 Haec
663 2258 815 2303 omnia
857 2258 905 2303 in
942 2256 1163 2318 pollinem
1200 2257 1527 2302 tenuissimum
1565 2254 1753 2302 redacta
1775 2267 1816 2299 30

155 2336 286 2375 aceto
325 2327 514 2388 colliges
553 2333 599 2374 et
635 2326 942 2390 permiscebis
980 2333 1027 2373 et
1063 2328 1127 2373 ita
1163 2325 1335 2372 licheni
1373 2325 1589 2386 adpones.
