1898 3016
789 160 852 166 —
927 132 1165 182 154—-

182 258 351 305 deinde
389 272 594 321 crocum,
632 264 795 320 postea
833 259 1081 322 altercum,
1118 259 1227 306 dein
1262 274 1417 322 myrra
1455 266 1501 307 et
1537 265 1635 323 tus3
1673 261 1774 321 qui-

181 328 272 375 bus
314 329 541 374 miscetur
583 330 742 390 opium
787 329 939 389 pridie
984 331 1032 375 in
1077 343 1196 390 aqua
1239 336 1524 376 maceratum
1573 336 1620 376 et
1665 328 1774 375 sub·

181 398 291 444 inde
328 412 473 458 aquae
511 399 729 458 exiguum
767 398 989 461 adicitur,
1037 398 1186 445 donec
1229 399 1342 459 fingi
1383 399 1556 460 pastilli
1591 400 1775 459 possint

182 467 239 514 ad
276 467 458 528 pondus
496 468 676 513 denarii
713 469 942 529 semissis,
987 467 1096 514 licet
1137 467 1215 514 alii
1250 470 1388 515 tertia
1424 469 1563 515 huius
1598 468 1773 528 ponde-

182 538 248 583 ris
287 536 494 583 detracta
531 537 702 583 faciant
736 536 961 598 pastillos.
1033 536 1212 584 Dantur
1248 539 1297 584 in
1334 544 1521 584 noctem
1558 552 1614 584 ex
1653 551 1772 598 aqua
1795 551 1816 583 5

182 605 361 667 cyathis
405 605 581 668 tribus,
626 620 843 652 somnum
888 606 1085 669 faciunt,
1130 607 1338 653 dolorem
1375 621 1559 654 omnem
1597 607 1775 668 sedant,

181 681 235 723 ut
282 676 500 736 superius
545 675 654 722 dixi.
727 675 925 738 Oportet
968 683 1121 723 autem
1167 691 1223 723 ex
1267 691 1322 723 eo
1367 678 1506 723 etiam
1548 677 1776 737 catapotia

182 745 304 807 fieri5
349 744 537 806 quidam
579 746 704 791 enim
742 745 924 792 facilius
962 760 1015 792 ea
1052 760 1190 807 quam
1226 748 1462 807 potionem
1501 752 1693 792 sumunt
1728 750 1776 791 et

182 828 277 860 non
312 814 510 860 multum
549 814 604 860 ad
643 814 924 861 medendum
959 817 1170 862 interest.

324 883 631 946 Catapotium,
669 884 713 930 id
746 891 817 931 est
845 884 1250 947 medicamentum,
1287 884 1412 946 quod
1442 899 1536 931 non
1566 883 1775 944 diluitur,
1799 899 1840 929 10

183 952 266 1000 sed
303 955 366 999 ita
404 961 456 999 ut
492 960 564 999 est
600 960 805 1015 voratur,
843 954 899 1000 ad
936 956 1117 1016 tussim,
1156 969 1262 1000 cum
1294 956 1393 1000 sine
1431 952 1568 1000 modo
1599 953 1775 1014 defluit,

182 1023 429 1069 conficitur
467 1024 555 1069 sic:
593 1022 730 1070 Croci
764 1022 804 1069 X
832 1022 908 1084 ΙΙΙ,
946 1038 1127 1085 myrrae
1159 1023 1277 1086 XII,
1314 1025 1393 1084 opi
1422 1022 1460 1070 X
1484 1023 1518 1070 1.
1571 1022 1774 1070 Contun-

181 1091 309 1138 ditur
346 1106 538 1138 crocum
576 1094 753 1138 siccum
797 1099 845 1140 et
887 1092 1142 1155 cribratur,
1188 1100 1411 1139 contusae
1456 1099 1503 1138 et
1546 1092 1775 1139 cribratae

181 1175 364 1222 myrrae
409 1163 568 1222 opium
620 1162 905 1209 admiscetur
957 1176 1076 1223 aqua
1127 1163 1291 1222 exigua
1343 1162 1563 1224 dilutum3
1613 1166 1776 1221 postea

181 1230 382 1276 adicitur
419 1245 610 1277 crocum
649 1238 696 1277 et
732 1245 839 1278 cum
876 1233 925 1277 in
962 1246 1108 1278 unum
1145 1233 1298 1277 omnia
1329 1230 1448 1277 bene
1478 1232 1621 1277 mixta
1651 1236 1774 1291 sunt,
1799 1245 1839 1276 15

180 1300 422 1361 finguntur
445 1302 544 1346 ervi
568 1301 901 1361 magnitudinis
924 1300 1116 1363 pilulae3
1141 1300 1311 1347 dantur
1333 1302 1382 1347 in
1404 1307 1591 1347 noctem
1613 1306 1775 1346 ternae

181 1368 253 1415 vel
297 1376 552 1430 quaternae
597 1376 644 1416 et
689 1372 729 1416 si
773 1372 923 1416 siccae
967 1385 1062 1416 non
1105 1372 1346 1431 potuerint
1394 1371 1669 1432 transmitti,
1718 1383 1775 1415 ex

181 1453 300 1500 aqua
337 1439 483 1485 calida
522 1440 704 1486 modica
741 1439 978 1486 dabuntur
1016 1447 1063 1486 et
1100 1440 1428 1486 formabuntur
1465 1454 1522 1485 ex
1558 1454 1691 1500 aqua.

322 1507 615 1569 Catapotium
658 1509 857 1556 alterum
902 1509 958 1555 ad
1002 1511 1169 1556 tussim
1214 1510 1389 1555 aridam
1434 1510 1523 1556 sic:
1580 1509 1776 1570 Myrrae,

180 1579 374 1639 piperis,
411 1580 626 1641 castorei,
665 1578 867 1641 galbani,
907 1581 1124 1641 storaciS,
1162 1580 1281 1640 opii,
1320 1578 1611 1639 singulorum
1648 1577 1773 1624 idem
1795 1589 1837 1620 20

181 1647 418 1707 ponderis.
474 1647 748 1694 Castoreum
786 1655 833 1695 et
869 1649 1002 1709 piper
1032 1649 1389 1695 contunduntur
1417 1655 1464 1695 et
1493 1647 1775 1708 cribrantur,

182 1717 351 1763 deinde
395 1731 552 1779 myrra
596 1723 703 1764 ante
749 1720 949 1764 contrita
993 1719 1163 1764 ceteris
1207 1719 1417 1764 contusis
1464 1724 1511 1764 et
1558 1717 1775 1763 cribratis

182 1786 487 1850 admiscetur3
524 1787 607 1834 ubi
644 1789 851 1834 omnium
889 1789 1043 1834 unitas
1080 1788 1200 1834 facta
1238 1793 1323 1850 est,
1360 1787 1621 1833 formantur
1656 1786 1775 1847 pilu-

181 1855 252 1902 lae
289 1871 346 1902 ex
383 1871 501 1918 aqua
532 1858 677 1904 viciae
711 1857 1066 1920 magnitudinis3
1104 1857 1274 1903 dantur
1304 1871 1412 1903 cum
1442 1856 1598 1903 caldae
1629 1869 1776 1917 aquae

182 1926 364 1972 modico
402 1933 564 1974 ternae
602 1927 673 1973 vel
713 1933 966 1988 quaternae
1003 1928 1053 1972 in
1090 1933 1291 1988 noctem,
1329 1925 1411 1972 sed
1448 1926 1655 1987 digestis.
1798 1937 1838 1969 25

323 1996 459 2042 Aliud
498 1998 778 2058 catapotium
817 1996 874 2042 ad
911 1998 1078 2042 tussim
1117 2002 1335 2058 veterem,
1377 1996 1501 2057 quod
1539 2002 1587 2041 et
1624 1995 1774 2055 suspi-

182 2066 253 2111 rio
291 2072 338 2111 et
374 2066 518 2126 pthisi
553 2072 806 2126 temptatos
843 2072 891 2112 et
926 2065 1129 2112 lienosos
1167 2072 1214 2112 et
1241 2067 1374 2112 iecur
1403 2065 1573 2111 durum
1603 2064 1775 2110 haben-

182 2141 254 2181 tes
285 2141 429 2197 sanat,
460 2135 584 2181 idem
614 2136 899 2182 inflationem
929 2135 1051 2182 tollit
1081 2143 1128 2182 et
1157 2141 1324 2196 purgat
1352 2135 1596 2181 mulierem
1621 2135 1661 2180 si
1685 2147 1776 2193 qua

183 2219 239 2250 ex
275 2211 414 2265 partu
452 2205 639 2251 sordida
676 2205 952 2266 resederint,
991 2205 1238 2251 conficitur
1275 2207 1362 2251 sic:
1402 2203 1608 2250 Storacis
1638 2202 1679 2248 X
1702 2202 1774 2263 VI,

184 2288 366 2334 myrrae
392 2274 430 2320 X
453 2274 494 2320 ΙΙ
519 2274 564 2337 S,
595 2276 878 2335 opopanacis
901 2274 941 2320 X
965 2273 1014 2336 V,
1039 2276 1221 2320 resinae
1246 2273 1588 2320 terebinthinae
1612 2271 1651 2318 X
1675 2271 1774 2333 1111,
1797 2285 1837 2315 ao

183 2343 346 2390 alterci
385 2346 577 2390 seminis
615 2343 655 2390 Χ
685 2344 727 2405 I,
772 2345 858 2390 iris
893 2344 1103 2406 Illyricae
1142 2342 1251 2404 XI,
1297 2345 1409 2389 nitri
1445 2342 1485 2388 Χ
1515 2342 1555 2405 I,
1598 2342 1775 2403 piperis

183 2412 275 2459 albi
311 2413 352 2458 X
382 2413 443 2475 11,
489 2414 672 2475 galbani
708 2413 748 2460 X
779 2413 840 2477 II,
885 2416 962 2474 opi
1008 2413 1046 2459 X
1076 2413 1108 2459 Ι.
1181 2411 1312 2474 Irim,
1358 2412 1604 2473 altercum,
1641 2413 1777 2472 piper

184 2483 474 2529 contundere
511 2490 557 2529 te
595 2489 781 2544 oportet
811 2489 859 2529 et
888 2483 1111 2544 cribrare,
1145 2483 1323 2527 nitrum
1353 2483 1576 2527 mortario
1608 2488 1775 2540 terere,

184 2558 339 2598 cetera
384 2553 476 2613 pilo
523 2555 840 2599 comminuere
892 2559 939 2598 et
982 2557 1142 2612 postea
1187 2553 1341 2597 omnia
1390 2553 1674 2611 permiscere
1722 2564 1775 2595 ac

297 2661 350 2697 20
382 2658 609 2701 storachis.
710 2662 762 2699 21
795 2657 1020 2699 cribratur.
1116 2661 1169 2698 2⁷
1199 2657 1481 2710 temperatos,
1569 2655 1774 2697 lienosus.

184 2715 237 2753 28
268 2713 496 2754 mulierem
526 2726 547 2755 e
576 2713 797 2756 Scribon.:
826 2712 1071 2754 mulierum.
1166 2716 1221 2753 30
1251 2712 1557 2754 terebintinae.
1645 2715 1699 2753 33
1729 2715 1775 2752 te

183 2779 263 2810 om.
295 2767 546 2811 Cornarius.
