1898 3016
76 784 127 821 19

73 1689 128 1726 20

771 84 1151 133 -226—

159 212 295 258 nardi
320 211 534 273 Syriacae
558 210 598 257 X
621 210 658 255 V
683 210 728 274 S,
753 213 881 258 croci
903 211 943 257 X
967 211 987 258 I
1006 211 1051 274 S,
1076 211 1268 258 schoeni
1290 211 1332 257 X
1350 211 1406 273 II,
1430 215 1580 260 casiae
1607 213 1761 278 XIIII,

160 283 364 328 cinnami
395 281 435 327 X
458 280 529 344 VI,
559 282 736 342 piperis
767 280 859 327 albi
889 280 928 326 X
952 281 986 343 I,
1022 282 1199 342 piperis
1229 281 1356 342 longi
1386 282 1426 328 X
1449 282 1482 345 I,
1514 285 1632 330 turis
1663 283 1702 330 X
1726 283 1760 346 1,

159 352 317 398 scordi
353 350 393 396 X
423 350 500 413 III,
536 351 632 412 poli
669 350 709 396 X
739 350 815 413 III,
852 365 987 397 rosae
1023 350 1180 396 aridae
1211 349 1251 397 X
1280 350 1357 414 111,
1394 366 1533 414 rapae
1566 355 1757 400 seminis

159 420 200 467 X
230 420 307 483 III,
345 422 494 467 anatis
532 422 772 480 sanguinis
809 421 1016 466 recentis
1054 419 1223 483 XIIII,
1262 421 1471 468 eiusdem
1509 423 1627 469 aridi
1657 438 1759 469 san-

159 493 314 552 guinis
352 489 392 536 X
423 489 499 536 111.
565 489 700 536 Melle
737 491 998 537 miscentur
1036 495 1231 537 contusa
1269 496 1315 537 et
1352 491 1554 538 cribrata
1592 494 1760 556 omnia,
1782 504 1802 536 5

159 561 310 607 donec
354 559 558 606 habeant
601 561 751 620 ipsius
796 559 947 606 mellis
991 565 1378 623 temperaturam,
1422 561 1531 608 inde
1568 561 1759 623 plenum

160 630 371 678 cocleare
417 630 574 692 datur3
620 629 699 676 sed
747 629 803 675 ab
846 635 1064 690 serpente
1102 631 1342 690 percussis
1380 638 1457 677 aut
1495 633 1665 678 morsis
1704 647 1758 678 ex

159 702 282 764 vino,
321 701 492 746 ceteris
530 714 586 745 ex
623 699 775 746 mulso
813 698 886 745 vel
923 713 1042 760 aqua
1079 699 1180 746 dari
1217 706 1414 761 oportet.

299 769 523 831 Malagma
561 769 617 815 ad
656 783 840 816 omnem
878 771 1110 816 viscerum
1150 768 1373 832 dolorem,
1413 772 1664 832 praecipue
1703 771 1758 817 ad

159 841 382 886 iocineris
420 841 689 900 stricturas,
727 839 975 885 conficitur
1012 840 1100 886 sic:
1153 834 1558 903 Nardi'Celticae,
1602 841 1648 887 id
1688 846 1759 887 est
1783 853 1824 884 10

162 910 411 972 saliuncae,
447 909 487 954 X
517 908 593 971 XI,
623 910 708 955 iris
739 908 778 953 X
810 908 926 971 VIII,
963 908 1171 970 meliloti,
1208 909 1331 969 quod
1362 924 1387 955 a
1417 909 1553 956 nobis
1585 910 1761 957 sertula

161 979 394 1040 Campana
422 979 611 1041 dicitur,
642 978 681 1024 X
706 977 844 1040 XXV,
876 980 1037 1039 cyperi
1059 978 1099 1024 X
1121 977 1237 1040 VIII,
1268 981 1545 1026 ammoniaci
1566 980 1759 1042 thymia-

160 1051 312 1110 matis,
343 1049 391 1094 id
421 1055 493 1095 est
523 1050 733 1111 storacis,
766 1047 805 1093 X
827 1047 944 1109 VIII,
975 1047 1259 1094 cardamomi
1283 1048 1322 1094 X
1345 1047 1440 1111 VII,
1471 1052 1598 1096 croci
1620 1049 1758 1096 idem.

158 1118 326 1166 Omnia
365 1132 508 1179 supra
544 1118 667 1164 dicta
705 1122 933 1164 contunsa
971 1123 1019 1163 et
1055 1117 1250 1164 criblata
1286 1133 1380 1164 uno
1419 1119 1494 1165 die
1537 1125 1584 1165 et
1622 1125 1759 1165 nocte

157 1190 207 1234 in
237 1190 343 1234 vino
375 1193 532 1234 vetere
562 1192 861 1234 macerantur
890 1192 1079 1248 praeter
1108 1189 1469 1251 ammoniacum3
1508 1188 1597 1235 hoc
1635 1190 1759 1235 enim
1784 1200 1824 1232 15

158 1263 289 1305 aceto
329 1257 446 1304 dilui
482 1262 680 1317 oportet.
740 1256 852 1303 Post
888 1256 1004 1303 haec
1034 1271 1170 1303 cerae
1200 1256 1251 1303 P.
1282 1256 1337 1321 II,
1375 1260 1557 1305 resinae
1596 1259 1760 1305 frictae

157 1327 206 1374 P.
237 1327 278 1389 I,
323 1327 415 1373 olei
458 1328 585 1373 rosei
628 1326 676 1374 P.
707 1325 749 1372 II
786 1325 856 1373 vel
903 1327 1012 1388 tria,
1058 1332 1111 1373 ut
1156 1326 1375 1374 sufficere
1413 1330 1565 1375 visum
1603 1328 1759 1391 fuerit,

158 1397 410 1460 addentur3
454 1397 703 1458 liquefiunt
748 1410 866 1456 quae
911 1396 1144 1457 liquefieri
1186 1396 1361 1444 habent
1403 1404 1450 1444 et
1485 1398 1759 1458 refrigerata

158 1474 298 1528 atque
336 1481 441 1514 rasa
479 1468 650 1513 ceteris
687 1467 947 1512 miscentur
981 1472 1120 1526 atque
1158 1481 1304 1513 unum
1336 1481 1507 1529 corpus
1537 1469 1601 1514 ita
1630 1469 1683 1514 fit
1713 1475 1760 1514 et

158 1537 516 1598 diligentissime
559 1535 849 1596 subigantur.
923 1535 1022 1581 Hoc
1061 1543 1107 1582 et
1143 1536 1200 1582 ad
1236 1537 1622 1596 praecordiorum
1659 1544 1757 1584 ten·
1782 1550 1823 1581 20

159 1610 339 1653 sionem
375 1606 496 1653 bene
534 1606 644 1652 facit
681 1611 728 1651 et
765 1605 822 1651 ad
859 1606 1065 1651 vessicae
1103 1605 1326 1652 dolorem.

299 1676 443 1723 Attali
477 1677 603 1736 regis
641 1675 1054 1738 medicamentum,
1100 1675 1223 1736 quod
1265 1676 1376 1722 facit
1412 1678 1664 1738 praecipue
1702 1677 1758 1723 ad

159 1747 381 1793 iocineris
425 1747 536 1792 vitia
581 1751 627 1791 et
671 1745 727 1791 ad
772 1746 1048 1805 auruginem
1093 1751 1140 1791 et
1176 1745 1231 1791 ad
1271 1760 1437 1806 aquam
1474 1748 1757 1793 intercutem

160 1824 207 1863 et
236 1816 291 1862 ad
322 1816 525 1862 lienosos
556 1821 603 1862 et
633 1815 690 1861 ad
720 1814 1103 1876 praecordiorum
1134 1814 1421 1861 inflationem
1452 1822 1499 1862 et
1522 1816 1577 1862 ad
1600 1822 1756 1877 pecto-

158 1888 225 1932 ris
263 1886 471 1932 dolorem
510 1891 557 1932 et
593 1885 649 1931 ad
689 1899 784 1947 eos,
823 1886 904 1945 qui
941 1884 1145 1930 colorem
1182 1884 1388 1931 luridum
1425 1885 1611 1948 habent,
1650 1901 1756 1932 con·
1780 1898 1820 1930 25

158 1956 316 2002 ficitur
348 1958 435 2002 sic:
475 1955 612 2002 Croci
642 1954 682 2001 X
713 1954 768 2017 X,
805 1953 940 2000 nardi
970 1954 1119 2000 Indici
1149 1954 1267 2016 XII,
1305 1957 1454 2001 casiae
1487 1954 1526 2001 X
1547 1955 1603 2018 II,
1633 1970 1755 2017 myr-

158 2039 238 2071 rae
269 2025 310 2071 X
339 2025 372 2087 I,
411 2026 615 2071 cinnami
652 2024 692 2070 X
721 2024 755 2087 I,
793 2024 986 2070 schoeni
1014 2023 1144 2070 floris
1175 2023 1214 2069 X
1244 2024 1276 2086 I,
1308 2026 1427 2071 costi
1450 2051 1514 2057 —
1540 2025 1572 2071 I.
1631 2025 1756 2072 Haec

159 2109 374 2141 seorsum
419 2094 774 2141 contunduntur
820 2100 866 2140 et
910 2093 1199 2156 cribrantur,
1249 2094 1415 2140 deinde
1461 2109 1517 2140 ex
1561 2095 1756 2155 singulis

158 2179 323 2211 eorum
361 2179 502 2226 supra
540 2164 678 2211 dictis
715 2163 922 2224 pondera
961 2170 1211 2210 sumuntur
1256 2170 1303 2209 et
1346 2165 1394 2210 in
1435 2178 1580 2210 unum
1619 2164 1754 2210 melle

157 2236 302 2281 mixta
325 2234 610 2295 colliguntur
633 2239 771 2294 atque
796 2235 843 2279 in
865 2233 1033 2295 pyxide
1058 2239 1275 2294 argentea
1298 2239 1613 2296 reponuntur3
1645 2234 1753 2280 inde
1778 2247 1819 2277 30

158 2304 296 2350 datur
334 2319 441 2351 cum
479 2318 597 2365 opus
636 2310 707 2350 est
735 2303 866 2350 fabae
897 2303 1147 2365 Aegyptiae
1178 2302 1446 2363 magnitudo
1479 2318 1585 2349 cum
1615 2303 1755 2350 mulsi

158 2373 337 2435 cyathis
374 2373 543 2435 tribus,
581 2375 622 2420 si
659 2374 759 2419 sine
797 2373 928 2419 febre
966 2373 1141 2419 fuerint
1178 2374 1258 2434 qui
1289 2373 1523 2433 sumpturi
1554 2380 1677 2434 sunt,
1715 2375 1755 2419 si

157 2443 506 2506 febricitabunt,
537 2458 594 2490 ex
624 2457 743 2504 aqua
773 2442 921 2489 mulsa
952 2443 1151 2489 dabitur.
1203 2442 1401 2489 Prodest
1432 2444 1572 2488 etiam
1604 2442 1753 2489 calcu-

300 2568 320 2604 1
356 2564 518 2607 scoeni.
639 2568 661 2605 7
694 2562 768 2617 ab]
801 2563 869 2605 ad.
968 2561 1340 2604 12‘thimiamitis.
1446 2566 1496 2604 13
1522 2562 1751 2605 stoi-achis.

160 2622 211 2660 17
244 2619 407 2661 suffice.
584 2623 634 2661 18
665 2618 849 2673 habent]
882 2618 1044 2660 debent
1075 2616 1325 2661 Cornarius.
1494 2623 1547 2660 26
1577 2618 1750 2660 mirrae.

157 2679 211 2771 gg
240 2676 411 2783 ἓξὲξ.
584 2679 636 2716 29
676 2679 907 2715 sumuntur
943 2673 988 2714 in
1024 2686 1159 2714 unum
1197 2676 1242 2716 et
1278 2674 1323 2715 in
1368 2687 1502 2715 unum
1538 2676 1751 2728 (repetit).
