1930 3008
137 435 189 473 10

132 1273 185 1310 11

825 148 1068 199 -306
1145 177 1206 188 —-

219 284 341 332 bene
378 284 649 348 incaluerit,
687 284 954 333 adiciuntur
998 288 1048 333 in
1086 287 1249 333 eodem
1293 285 1436 334 calice
1474 286 1532 334 de
1567 287 1663 350 his,
1701 303 1823 350 quae

221 370 364 417 supra
410 357 584 417 scripta
630 361 759 419 sunt,
808 356 1026 403 cocliaria
1070 359 1160 403 tria
1205 362 1252 403 et
1292 371 1483 404 rursum
1518 365 1822 419 permovetur

221 427 440 472 universa
478 427 740 487 permixtio.
807 426 923 473 Cum
965 432 1121 473 autem
1159 425 1312 474 calore
1351 427 1605 474 sufficienti
1640 433 1823 490 tempe-

220 501 321 542 rata
358 497 449 542 erit
485 498 634 558 potio,
681 495 868 543 dabitur
905 496 1134 558 epotanda
1170 510 1335 543 versus
1374 499 1624 560 orientem,
1661 500 1820 545 statim

221 565 354 612 dolor
392 567 493 612 sine
532 566 822 613 dubitatione
860 565 1082 628 cessabit;
1129 566 1210 612 sed
1249 572 1301 613 ut
1337 568 1525 627 penitus
1563 566 1817 630 aboleatur,
1841 581 1866 612 ε,

220 635 322 682 dari
366 637 605 696 potionem
651 635 865 682 similiter
911 635 1146 697 oportebit
1189 650 1274 698 per
1317 637 1572 698 insequens
1613 636 1817 684 biduum.

221 704 312 752 Sed
351 705 522 767 quibus
559 705 650 752 hoc
686 705 948 752 remedium
986 705 1186 769 dabitur,
1224 704 1381 753 cibum
1414 708 1464 752 in
1494 707 1690 767 prandio
1720 713 1819 754 tan-

218 775 460 822 tummodo
499 780 580 822 aut
617 776 674 822 de
710 781 924 836 tempore
961 777 1009 822 in
1048 790 1163 822 cena
1200 778 1419 837 exiguum
1458 778 1655 840 capient,
1693 777 1818 838 quod

219 845 354 892 facile
385 846 650 909 conficiant,
679 860 738 892 ne
769 845 906 892 crudi
935 860 1035 892 eam
1068 854 1273 893 sumant:
1302 852 1466 907 postea
1495 861 1605 892 vero
1635 849 1685 893 in
1707 861 1816 893 con-

220 915 518 962 suetudinem
547 917 699 962 victus
730 917 804 962 sui
832 917 1148 963 remittentur.
1206 915 1454 977 Oportebit
1483 922 1639 963 autem
1668 930 1816 963 reme·
1840 931 1884 962 ιο

218 984 368 1032 diatos
405 1000 499 1032 non
529 987 896 1047 intemperanter
933 987 982 1032 in
1019 985 1231 1033 futurum
1262 987 1423 1032 vinum
1452 985 1629 1033 bibere.
1683 986 1816 1032 Tam-

219 1056 309 1101 etsi
345 1056 471 1101 enim
512 1069 538 1101 a
578 1054 668 1102 coli
706 1055 865 1101 dolore
895 1057 988 1102 tuti
1018 1055 1208 1118 fuerint,
1244 1062 1456 1102 metuere
1486 1055 1632 1102 nihilo
1663 1057 1819 1102 minus

218 1124 405 1185 debent,
442 1139 501 1171 ne
539 1124 628 1171 alia
664 1131 797 1186 parte
831 1126 1044 1186 corporis
1075 1139 1222 1186 aeque
1254 1125 1532 1171 adficiantur
1562 1125 1622 1171 ob
1651 1127 1817 1173 intem-

216 1196 490 1257 perantiam,
529 1194 589 1240 ob
627 1209 766 1255 quam
803 1196 966 1255 utique
1004 1194 1107 1241 colo
1144 1195 1331 1241 fuerant
1367 1199 1473 1241 ante
1510 1196 1675 1242 vexati.

358 1263 609 1311 Antidotus
637 1263 896 1327 Cosmiana,
927 1279 1046 1326 quae
1078 1265 1190 1311 facit
1218 1266 1336 1311 mire
1367 1264 1425 1311 ad
1456 1264 1624 1328 colum,
1655 1265 1815 1312 eadem
1839 1281 1881 1312 15

217 1339 373 1380 movet
402 1335 587 1381 urinam
618 1339 665 1381 et
694 1334 887 1396 prodest
917 1335 1045 1381 omni
1075 1334 1294 1381 adversae
1317 1334 1586 1397 valetudini,
1616 1341 1747 1382 sanat
1770 1342 1817 1382 et

215 1403 479 1451 inflationes
524 1404 813 1465 periculosas
859 1405 1067 1451 omnium
1111 1404 1184 1451 vel
1223 1404 1534 1466 plurimorum
1571 1406 1814 1451 intestino·

214 1488 341 1537 rum,
387 1488 526 1535 quem
572 1474 788 1521 morbum
834 1473 1000 1520 Graeci
1043 1474 1168 1520 ileon
1213 1474 1467 1537 appellant3
1512 1474 1623 1521 facit
1667 1481 1714 1521 et
1757 1475 1814 1521 ad

213 1543 509 1606 hydropicos,
547 1545 795 1591 conficitur
829 1545 918 1590 sic:
957 1543 1215 1591 Sorborum
1247 1546 1658 1591 semimaturorum
1688 1543 1729 1591 X
1759 1543 1815 1607 X,

212 1614 442 1660 marrubii
487 1615 590 1661 suci
632 1613 672 1659 X
710 1612 858 1675 XIIII,
913 1619 1190 1660 centaureae
1235 1616 1390 1660 tenuis
1443 1615 1545 1660 suci
1588 1614 1628 1659 X
1674 1613 1814 1677 XIIII,
1838 1630 1880 1661 20

213 1683 370 1730 scillae
409 1686 512 1731 suci
549 1683 590 1730 Χ
620 1682 762 1745 XIIII,
800 1683 1134 1745 mandragorae
1172 1685 1274 1731 suci
1311 1683 1350 1729 X
1384 1682 1456 1745 VI,
1493 1683 1704 1730 hastulae
1742 1699 1815 1731 re-

212 1755 313 1815 giae
353 1755 455 1800 suci
492 1753 533 1800 X
569 1753 650 1816 VI,
694 1755 788 1814 opii
832 1752 872 1799 X
909 1753 1015 1816 IIII,
1058 1753 1222 1800 laseris
1260 1753 1503 1814 Cyrenaici
1540 1753 1580 1799 X
1618 1752 1658 1815 I,
1702 1754 1815 1815 polii

213 1825 316 1870 suci
356 1822 394 1870 X
431 1823 510 1886 VI,
549 1824 830 1885 opopanacis
868 1823 908 1869 X
945 1822 1051 1886 IIII,
1096 1837 1230 1876 rosae
1268 1825 1460 1869 caninae
1499 1824 1602 1870 suci
1639 1822 1679 1869 X
1715 1823 1815 1882 1111,

212 1893 396 1954 galbani
441 1892 481 1939 X
519 1893 624 1956 1111,
670 1894 871 1940 castorei
916 1893 956 1939 X
993 1893 1097 1955 IIII,
1143 1895 1317 1954 agarici
1361 1892 1401 1938 X
1441 1892 1546 1955 IIII,
1595 1897 1811 1954 sagapeni

214 1963 253 2009 X
292 1962 348 2025 X,
387 1965 603 2030 gummis·
627 1963 666 2009 X
705 1963 802 2025 IIII,
840 1964 1105 2010 artemisiae
1144 1965 1245 2010 suci
1283 1962 1451 2025 XIIII,
1489 1964 1669 2009 cicutae
1708 1965 1810 2010 suci
1834 1976 1878 2008 25

211 2032 252 2079 X
283 2033 391 2095 IIII,
436 2035 620 2080 resinae
659 2033 1004 2080 terebinthinae
1043 2032 1082 2078 X
1112 2032 1218 2093 IIII,
1258 2032 1468 2079 milefolii
1505 2034 1606 2078 suci
1645 2032 1813 2095 XIIII,

210 2102 376 2150 trifolii
414 2105 516 2150 suci
554 2103 594 2149 X
624 2103 722 2163 IIII,
759 2105 866 2150 vitis
903 2102 1032 2149 albae
1065 2106 1166 2150 suci
1195 2102 1235 2148 X
1266 2102 1361 2163 VII,
1397 2102 1677 2163 plantaginis
1709 2104 1811 2148 suci

210 2172 251 2219 X
272 2170 338 2234 ⁶11,
375 2172 573 2220 bidellae
604 2173 644 2219 X
675 2172 772 2235 IIII,
804 2173 1081 2219 draconteae
1112 2173 1283 2219 radicis
1314 2171 1354 2218 X
1384 2171 1480 2234 1111,
1517 2177 1670 2217 terrae
1701 2171 1811 2218 mali

208 2241 250 2289 X
287 2242 349 2305 X,
395 2243 510 2289 rhus
558 2243 773 2305 Syriacae
811 2242 851 2288 X
888 2242 967 2305 VI,
1013 2244 1140 2289 acori
1186 2249 1233 2289 et
1277 2242 1398 2288 asari
1431 2240 1481 2301 ¹X
1526 2242 1694 2301 quinos
1738 2241 1810 2287 vel

210 2327 362 2374 senos,
393 2313 587 2360 meliloti
613 2313 650 2359 X
674 2312 745 2374 VI,
776 2312 930 2359 inulae
954 2312 1125 2359 radicis
1149 2311 1188 2358 X
1213 2311 1284 2374 VI,
1313 2310 1626 2373 glycyrrhizae
1650 2310 1689 2355 X
1715 2310 1807 2372 VII,
1830 2325 1875 2355 30

207 2395 375 2429 erucae
421 2383 593 2429 radicis
631 2382 670 2428 X
701 2382 801 2444 VII,
845 2384 1035 2443 panacis
1074 2382 1113 2428 X
1143 2381 1220 2444 VI,
1266 2382 1425 2442 cyperi
1466 2379 1639 2441 XIIII,
1685 2385 1805 2426 stoe-

207 2452 381 2499 chados
419 2452 459 2498 X
498 2453 577 2515 VI,
623 2454 827 2513 iuniperi
865 2451 905 2497 X
943 2451 1065 2515 VIII,
1111 2451 1325 2498 abrotoni
1370 2449 1409 2495 X
1446 2449 1550 2511 1111,
1595 2449 1805 2496 chamae-

353 2591 404 2630 12
438 2587 563 2630 dolor
593 2588 637 2630 et
666 2587 745 2629 uti.
921 2590 971 2628 15
1005 2585 1239 2629 Cosmiana
1269 2588 1294 2626 1
1304 2598 1344 2626 m
1381 2588 1431 2626 ut
1460 2585 1652 2634 videtur,
1687 2597 1807 2626 ‘nune

204 2643 361 2684 litteris
402 2645 537 2685 erasis
574 2645 628 2686 ab
669 2644 806 2685 altera
845 2655 981 2684 manu
1023 2642 1229 2694 scrz'pmm
1269 2644 1329 2682 est
1367 2641 1547 2682 Cosmae
1593 2639 1801 2682 damiani.

208 2702 260 2739 16
291 2698 552 2740 valitudinis
586 2700 694 2753 (sic).
789 2703 840 2740 21
873 2697 1094 2752 hastulae]
1127 2696 1259 2738 asela.
1354 2700 1408 2737 24
1437 2697 1647 2739 vocabula
1677 2709 1802 2757 saga·

204 2754 311 2807 peni
333 2754 374 2795 X
396 2754 492 2807 IIII,
524 2754 716 2808 gummis
740 2753 781 2796 X
803 2754 898 2806 1111,
923 2753 1171 2795 artemisiae
1196 2752 1288 2794 suci
1310 2751 1351 2793 X
1373 2752 1453 2792 IIII
1476 2765 1554 2795 om.
1615 2756 1666 2793 29
1693 2764 1801 2804 syn-

203 2822 294 2854 cae.
413 2812 546 2866 asari]
580 2811 700 2854 astri.
824 2814 877 2853 30
907 2809 1164 2863 glycerizae.
1281 2813 1331 2849 31
1364 2808 1548 2851 radices.
