1930 3008
867 89 1327 156 —334-‘
1638 0 1930 182 ’ἲ

1890 182 1918 214 2

177 243 232 281 44
403 234 471 280 Ad
503 234 661 281 ulcera
691 235 741 281 in
770 249 858 281 ano
889 235 1009 282 facta
1040 234 1228 282 chartae
1259 235 1530 298 conbustae,
1569 236 1650 283 sed
1682 235 1860 300 †aena-
1888 220 1917 295 ζ

260 319 367 351 rum
398 319 500 351 elus
532 301 656 366 drag.
680 303 714 367 I,
745 306 1076 366 auripigmenti
1099 301 1226 367 drag
1249 304 1282 367 I,
1312 305 1492 367 lepidae
1523 303 1648 368 drag.
1671 307 1692 354 1
1722 308 1900 356 simul

261 380 480 421 conteres
519 381 566 421 et
605 374 739 421 melle
778 375 1115 436 conprehensis
1154 342 1303 422 uteri's
1341 376 1580 437 emplastri
1615 377 1768 424 modo.
1914 434 1918 436 Y

175 452 230 490 45
401 444 469 490 Ad
495 459 589 507 eos,
614 444 786 506 quibus
809 446 1084 491 intestinum
1107 445 1305 507 inprobe
1328 447 1576 510 prominet,
1600 447 1860 494 remedium
1899 440 1920 508 ζ

261 515 350 561 sic:
387 513 527 561 Ebuli
565 529 677 561 suco
715 514 1057 575 turpitudinem
1095 515 1391 579 circumline,
1436 517 1529 563 cito
1566 517 1859 565 remediabis.
1881 510 1921 575 εξ

176 593 230 631 46
401 583 673 645 Porrigines
705 586 782 630 ani
812 586 1012 665 extirpat
1042 584 1131 631 tale
1154 585 1465 633 medicamen:
1495 585 1632 650 Picis,
1663 589 1860 651 resinae,
1904 586 1930 627 3³

261 667 411 716 cerae,
440 653 612 716 butyri,
645 656 743 700 sevi
766 656 960 717 caprini,
983 657 1165 716 argenti
1188 670 1393 718 spumae,
1417 656 1706 717 singulorum
1731 659 1860 718 paria
1908 636 1924 703 }

259 723 468 784 pondera
504 726 692 771 remitte
732 730 778 771 et
817 725 956 771 simul
993 731 1293 786 contempera
1331 731 1470 788 atque
1509 728 1572 773 ita
1609 727 1768 774 inline.
1907 726 1926 779 '33

174 803 228 841 47
401 794 470 840 Ad
509 795 767 856 syringium
805 794 877 841 vel
915 797 991 841 ani
1027 796 1137 842 vitia
1175 795 1347 843 lavabis
1378 796 1533 843 locum
1563 798 1669 843 vino
1701 804 1857 844 vetere
1908 787 1930 861 οξ

261 868 307 910 et
353 869 479 910 teres
526 871 698 911 testum
744 866 889 911 ostrei
933 871 979 911 et
1021 865 1182 912 sordes
1220 867 1342 913 intra
1379 866 1609 928 pullinum
1646 873 1859 914 ventrem
1883 853 1930 913 ιάἑ

260 939 472 994 repertas
503 934 765 981 contundes
797 942 842 981 et
872 935 1075 982 cocleam
1107 950 1297 982 vacuam
1329 942 1375 983 et
1405 936 1697 983 cucurbitam
1730 942 1859 984 ustu-

259 1002 398 1049 latam
443 1009 570 1051 teies
609 1004 857 1065 diligenter
893 1007 1130 1066 mixtaque
1169 1007 1343 1069 omnia,
1387 1021 1493 1053 cum
1530 1008 1579 1053 in
1617 1006 1857 1067 pulverem
1918 1059 1921 1063 ⁴

259 1075 587 1120 tenuissimum
618 1075 872 1138 redegeris,
912 1075 1093 1122 vulneri
1123 1075 1349 1139 adpones3
1387 1090 1494 1122 mox
1527 1077 1689 1123 vitium
1721 1092 1857 1124 omne

259 1142 458 1190 sanabis.
817 1195 821 1198 ,

178 1222 232 1259 48
404 1212 520 1259 Item
571 1213 627 1259 ad
677 1215 753 1259 ani
796 1215 905 1260 vitia
954 1215 1286 1277 prominentia,
1340 1229 1457 1276 quae
1509 1217 1720 1262 revocari
1763 1231 1857 1263 non
1882 1229 1924 1262 1⁵

257 1288 476 1343 possunt:
513 1282 652 1346 Rubi,
689 1283 768 1330 ubi
807 1298 938 1330 mora
975 1290 1249 1346 nascuntur,
1287 1285 1443 1331 caules
1481 1287 1633 1332 >teneri
1668 1292 1714 1332 et
1743 1285 1857 1333 buxi

258 1351 364 1398 folia
403 1358 450 1399 et
487 1359 648 1399 cortex
685 1353 793 1401 mali
830 1356 1011 1415 granati
1047 1354 1120 1401 vel
1158 1356 1257 1415 ipsa
1293 1369 1429 1415 poma
1468 1356 1569 1402 eius
1611 1361 1655 1402 et
1695 1363 1855 1403 cortex

242 1421 440 1479 „roboris
486 1422 688 1486 arboris,
734 1424 858 1470 unde
903 1425 1027 1471 coria
1075 1425 1409 1487 conficiuntur,
1453 1427 1501 1471 in
1547 1431 1668 1472 testo
1714 1441 1855 1487 supra

255 1506 432 1553 prunas
470 1499 711 1554 ponuntur
749 1499 795 1540 et
832 1495 956 1540 intra
994 1509 1086 1557 vas,
1126 1494 1207 1541 ubi
1246 1495 1455 1558 offertur,
1493 1495 1716 1542 fumantia
1748 1511 1854 1543 con-

258 1563 541 1625 stituuntur,
583 1570 633 1610 ut
671 1578 813 1625 supra
851 1564 1010 1611 sedeat
1050 1565 1264 1611 infirmus
1304 1565 1554 1612 conclusus
1592 1565 1855 1629 diligenter,
1878 1580 1920 1611 20

256 1647 315 1678 ne
354 1632 510 1679 fumus
548 1633 672 1679 foras
711 1640 864 1696 exeat3
904 1649 994 1695 quo
1033 1634 1154 1681 facto
1193 1649 1300 1681 cum
1331 1641 1499 1681 conatu
1532 1650 1671 1682 anum
1703 1636 1854 1683 eidem

256 1702 383 1749 sumo
422 1703 605 1766 offerat,
649 1705 698 1749 in
743 1705 924 1750 recenti
958 1705 1110 1751 taedio
1148 1704 1237 1751 hoc
1274 1705 1534 1751 remedium
1571 1711 1643 1751 ter
1681 1706 1855 1753 factum

257 1771 515 1836 subveniet,
552 1775 601 1819 in
638 1780 797 1820 vetere
836 1788 944 1821 vero
982 1774 1135 1821 taedio
1175 1776 1360 1835 saepius
1397 1775 1499 1821 fieri
1537 1782 1736 1836 oportet.

170 1851 223 1889 49
399 1843 468 1889 Ad
505 1843 651 1906 idem,
697 1844 820 1905 quod
866 1850 912 1891 et
949 1844 1166 1891 libidines
1205 1844 1431 1891 offerendi
1468 1850 1515 1891 et
1551 1851 1751 1906 conatus·
1782 1860 1854 1892 re-

254 1915 449 1974 primet:
497 1913 727 1974 Ceparum
766 1914 1074 1962 rotundarum
1112 1914 1184 1961 vel
1221 1915 1358 1962 etiam
1397 1913 1593 1962 aliarum
1630 1915 1738 1962 folia
1775 1923 1855 1963 aut
1879 1929 1920 1961 25

256 1986 457 2030 cortices
496 1985 645 2030 siccas
681 1990 727 2030 et
763 1985 916 2045 picem
954 1985 1117 2031 duram
1149 1984 1288 2031 simul
1318 1984 1600 2032 carbonibus
1630 1986 1853 2033 incendes

255 2059 303 2100 et
338 2068 461 2114 vaso,
499 2059 552 2100 ut
590 2055 809 2115 superius
841 2054 1017 2102 dictum
1049 2062 1133 2118 est,
1172 2054 1392 2102 concluso
1425 2054 1609 2102 sedebis
1640 2062 1686 2102 et
1717 2071 1853 2102 cona-

254 2130 331 2170 tus
377 2123 528 2184 dabis,
574 2129 627 2170 ut
671 2124 827 2170 fumus
875 2131 921 2171 et
966 2140 1107 2187 vapor
1153 2140 1240 2171 ano
1286 2126 1590 2188 suscipiatur,
1629 2139 1852 2186 praesens

255 2195 513 2254 experieris
552 2194 825 2241 remedium.

170 2271 222 2310 50
396 2263 666 2325 Conpositio
713 2266 859 2311 ceroti
905 2265 961 2311 ad
1006 2266 1114 2311 vitia
1159 2266 1235 2311 ani
1280 2265 1369 2311 sic:
1423 2264 1622 2326 Spumae
1668 2266 1849 2325 argenti
1873 2278 1916 2309 30

257 2359 320 2365 —
351 2333 407 2396 Il,
439 2339 593 2380 cretae
625 2333 845 2381 Cimoliae
881 2328 940 2401 ῼα
971 2333 1025 2398 II,
1056 2349 1190 2381 cerae
1221 2334 1422 2381 Punicae
1454 2329 1516 2401 ῼι
1547 2333 1600 2395 II,
1632 2348 1849 2381 cerussae

252 2402 415 2466 -113
460 2418 577 2464 quae
623 2405 777 2451 omnia
823 2404 879 2451 ad
929 2419 1157 2451 summam
1194 2404 1428 2451 levitatem
1464 2409 1703 2465 teruntur,
1748 2409 1849 2450 tum

252 2474 301 2519 in
339 2487 446 2519 vase
486 2480 706 2534 argenteo
747 2489 853 2521 cera
892 2489 998 2521 cum
1034 2475 1134 2521 oleo
1165 2489 1301 2521 roseo
1332 2475 1601 2535 remittitur,
1639 2475 1706 2520 sic
1743 2473 1849 2519 reli-

169 2551 220 2588 51
254 2558 344 2603 qua
390 2543 758 2591 confunduntur.
826 2544 1092 2605 Conpositio
1139 2544 1195 2590 ad
1240 2545 1314 2590 ani
1356 2545 1464 2590 vitia
1502 2545 1590 2590 sic:
1640 2543 1849 2606 Cecidos,

394 2655 418 2690 3
451 2651 790 2705 conprehensus.
957 2656 981 2693 8
1013 2652 1146 2704 atque
1175 2649 1259 2705 ita]
1292 2649 1438 2693 calita.
1606 2654 1658 2692 10
1686 2650 1846 2691 testam

254 2703 505 2747 &ornav-ius
634 2710 686 2747 18
716 2709 833 2747 testa
865 2707 1113 2750 Cornarius.
1244 2710 1297 2747 20
1327 2706 1395 2760 ut]
1428 2707 1485 2748 et.
1623 2710 1675 2747 22
1707 2718 1847 2747 reme-

252 2759 338 2803 dio.
485 2765 537 2802 25
570 2774 818 2815 caeparum.
936 2766 986 2803 31
1019 2763 1191 2804 craetae
1222 2761 1481 2804 chimoniae.
