1930 3008
749 92 1125 142 —347-

136 231 187 272 ut
230 221 369 271 modo
414 222 604 286 glutinis
643 223 964 285 adhaerescat,
1010 225 1146 285 pueri
1191 238 1301 270 vero
1340 225 1644 272 continentur
1681 227 1728 271 in

134 294 319 356 lectulo,
357 294 505 341 donec
544 296 695 341 omnis
733 293 976 355 turpitudo
1014 295 1310 354 reprimatui.

274 364 551 426 Cyclaminis
589 377 754 411 sucum
785 363 919 410 melle
949 363 1089 425 Lycio
1127 363 1383 425 aequaliter
1420 364 1640 412 miscebis
1678 373 1724 412 et
1756 375 1806 414 61

132 434 240 481 inde
271 434 529 495 pendentes
560 433 800 482 testiculos
831 433 1015 497 inlines,
1051 435 1277 494 optimum
1317 435 1467 481 fertur
1498 449 1600 481 esse
1631 449 1724 482 me·

89 515 110 548 5
133 504 357 552 dicamen.

272 574 332 621 Ut
377 573 644 620 eunuchum
690 574 788 620 sine
834 573 958 619 ferro
1003 573 1164 635 facias,
1213 572 1394 620 radices
1440 575 1620 621 cicutae
1669 589 1723 621 ex
1757 583 1808 622 62

132 650 262 691 aceto
301 651 426 690 teres
464 648 510 689 et
546 642 654 689 inde
692 641 934 689 testiculos
973 643 1255 704 spississime
1285 643 1469 704 inlines,
1507 649 1606 690 tum
1638 643 1723 690 lin-

131 713 304 760 teolum
350 726 491 774 supra
528 711 713 775 ligabis,
757 726 816 758 ne
855 712 1038 758 excidat
1074 712 1376 759 medicamen.
1442 712 1541 760 Hoc
1581 728 1723 775 quan-

130 788 230 830 tum
268 781 580 829 tenerioribus
611 781 868 828 infantibus
899 781 1082 843 feceris,
1120 788 1289 829 eventu
1323 783 1584 830 efficaciore
1615 797 1722 844 pro-

66 865 108 896 10
131 853 298 899 veniet.
363 851 519 898 Herba
557 858 649 913 est,
695 865 812 912 quae
851 850 1025 897 Graece
1068 851 1344 914 nymphaea,
1389 852 1552 899 Latine
1598 853 1722 899 clava
1755 862 1807 900 63

129 921 358 985 Herculis,
396 920 567 968 Gallice
606 920 775 967 baditis
807 920 1087 983 appellatur3
1123 922 1225 967 eius
1255 921 1386 967 radix
1417 922 1725 968 contunditur

130 998 176 1038 et
213 1006 268 1038 ex
308 997 437 1038 aceto
469 990 647 1037 edenda
678 991 815 1037 datur
844 1004 991 1051 puero
1021 1004 1106 1051 per
1137 992 1383 1038 continuos
1415 991 1575 1038 decem
1607 992 1720 1054 dies,

127 1061 390 1108 mirandum
427 1063 475 1107 in
512 1060 700 1107 modum
738 1061 818 1106 fiet
854 1060 1112 1107 eunuchus.

267 1131 524 1193 Mulierem,
562 1144 699 1191 quam
729 1135 781 1176 tu
812 1128 1046 1192 habueriS,
1084 1136 1136 1176 ut
1166 1144 1420 1191 numquam
1451 1130 1569 1177 alius
1600 1133 1718 1178 inire
1751 1140 1805 1178 64

0 1214 2 1216 ’
65 1213 106 1245 15
127 1202 296 1262 possit,
342 1201 484 1247 facies
527 1200 636 1247 hoc:
702 1199 922 1246 Lacertae
968 1199 1128 1245 viridis
1174 1201 1301 1245 vivae
1348 1202 1536 1246 sinistra
1580 1215 1720 1248 manu

62 1330 65 1334 Δ
129 1270 321 1317 caudam
369 1269 575 1317 curtabis
621 1283 816 1330 eamque
861 1270 1009 1315 vivam
1048 1269 1276 1331 dimittes3
1320 1270 1532 1333 caudam,
1572 1270 1720 1317 donec

126 1341 418 1402 inmoriatur,
457 1339 616 1386 eadem
654 1338 804 1400 palma
843 1338 1045 1385 clausam
1077 1337 1259 1384 tenebis
1290 1345 1336 1386 et
1365 1338 1612 1386 mulierem
1643 1355 1718 1387 ve-

126 1410 363 1471 rendaque
402 1411 517 1471 eiuS,
556 1409 664 1455 dum
705 1422 812 1455 cum
850 1423 903 1454 ea
940 1410 1052 1470 cois,
1090 1413 1241 1468 tange.

268 1479 316 1525 Si
356 1485 492 1540 quem
531 1479 587 1524 ad
625 1492 762 1524 usum
801 1479 1042 1524 venerium
1080 1477 1318 1524 infirmum
1359 1478 1562 1525 volueris
1601 1494 1718 1542 esse,
1751 1488 1803 1527 65

62 1563 102 1595 20
127 1548 410 1610 ubicumque
455 1549 695 1610 minxerit,
747 1561 888 1608 supra
938 1547 1103 1594 lotium
1155 1548 1256 1593 eius
1301 1547 1502 1612 obicem,
1554 1549 1599 1595 id
1648 1558 1720 1597 est

126 1619 394 1680 axedonem,
433 1633 489 1664 ex
527 1633 615 1665 usu
653 1618 781 1677 figes.

265 1688 324 1734 Ut
362 1687 504 1734 rebus
541 1689 743 1734 veneriis
782 1693 917 1747 aptus
956 1688 1040 1749 sis,
1087 1688 1222 1747 piper
1268 1689 1432 1746 tritum
1469 1703 1576 1735 cum
1615 1688 1715 1735 oleo
1748 1697 1801 1736 66

126 1765 172 1805 et
207 1757 342 1804 melle
380 1759 525 1804 misce
563 1764 609 1803 et
647 1771 753 1803 cum
791 1758 917 1803 coire
956 1756 1094 1818 voles,
1132 1756 1334 1803 verenda
1371 1757 1457 1803 tibi
1494 1757 1650 1805 inline.

266 1827 444 1873 Nocere
482 1841 619 1887 posse
658 1826 842 1872 feminis
873 1826 1047 1889 dicunt,
1087 1827 1126 1872 si
1156 1827 1261 1887 quis
1296 1826 1613 1874 membranam
1643 1830 1718 1875 ovi
1749 1836 1800 1875 67

63 1910 103 1941 25
126 1896 289 1943 balano
328 1911 411 1942 suo
450 1897 631 1956 ingerat
668 1902 715 1942 et
752 1910 858 1942 cum
896 1896 1064 1942 femina
1102 1902 1246 1942 coeat.

267 1965 317 2012 Si
358 1980 496 2027 quem
543 1967 667 2012 coire
713 1964 843 2011 noles
881 1965 1076 2027 fierique
1114 1967 1276 2026 cupies
1313 1967 1360 2011 in
1398 1981 1489 2013 usu
1526 1969 1716 2014 venerio
1748 1976 1800 2014 68

127 2036 389 2096 tardiorem,
421 2035 477 2081 de
508 2035 713 2097 lucerna,
744 2049 861 2096 quae
893 2041 1057 2097 sponte
1091 2037 1404 2098 extinguetur,
1442 2037 1609 2097 fungos
1640 2037 1715 2084 ad-

124 2105 217 2152 huc
254 2107 461 2151 viventes
498 2106 546 2151 in
583 2106 773 2165 potione
803 2106 904 2151 eius
936 2106 1153 2165 extingue
1185 2104 1527 2166 bibendamque
1564 2108 1713 2154 inscio

124 2175 269 2237 trade,
308 2175 553 2221 confestim
592 2173 902 2221 enervabitur.

61 2258 102 2289 30
265 2243 315 2290 Si
339 2259 478 2305 quem
503 2243 628 2290 voles
651 2259 736 2305 per
759 2250 942 2290 noctem
968 2258 1073 2290 cum
1098 2244 1268 2290 semina
1292 2246 1418 2290 coire
1442 2258 1535 2291 non
1561 2259 1714 2308 posse,
1747 2255 1797 2293 69

123 2313 348 2375 pistillum
381 2320 652 2360 coronatum
684 2313 772 2360 sub
802 2313 925 2360 lectu
956 2312 1080 2360 illius
1110 2328 1244 2374 pone.
1306 2313 1475 2360 Semen
1506 2314 1713 2362 lactucae
1747 2325 1798 2364 70

123 2385 286 2430 tritum
325 2398 380 2430 ex
419 2398 534 2444 aqua
573 2389 736 2444 potum
774 2384 981 2443 vigorem
1019 2384 1171 2429 coitus
1209 2390 1411 2430 enervat.

264 2453 466 2499 Naturae
511 2455 607 2499 sive
645 2459 829 2500 veretro
867 2452 987 2499 virili
1024 2452 1283 2500 remedium
1322 2454 1484 2500 efficax
1523 2455 1602 2500 sic.
1665 2454 1713 2502 Si
1745 2465 1795 2503 71

123 2523 171 2568 in
202 2529 385 2568 veretro
424 2537 605 2569 summo
636 2522 792 2569 clavus
823 2528 959 2569 natus
991 2523 1132 2569 fuerit
1162 2522 1338 2569 habens
1370 2522 1537 2570 callum
1567 2538 1711 2585 puru-

266 2688 285 2724 1
318 2682 534 2737 gluttinis.
656 2689 680 2725 2
711 2684 982 2738 reprimetur.
1107 2689 1131 2726 6
1162 2684 1311 2727 facies.
1437 2689 1486 2726 11
1518 2684 1712 2739 nimphe.

127 2742 179 2780 18
210 2738 345 2793 cogis,
461 2744 513 2781 20
543 2740 743 2782 muxerit.
861 2745 912 2783 31
943 2741 1061 2783 lectu
1093 2742 1206 2795 (ὅπως
1237 2740 1354 2784 lecto
1389 2739 1639 2784 Commius,
