1930 3008
52 115 57 119 .
47 0 72 112 ,we—⁵³⁸·

742 90 1116 140 -361—

130 220 280 281 debet,
318 219 440 265 idem
481 226 526 265 et
564 225 751 280 postero
790 218 865 264 die
904 218 1005 264 fieri
1042 216 1298 280 oportebit3
1337 219 1475 264 tertia
1506 218 1579 265 die
1612 233 1719 265 cum

131 289 378 337 fervefacta
415 289 589 336 fuerint
625 290 793 351 omnia,
829 287 1106 349 percolanda
1145 294 1284 334 erunt
1322 294 1367 334 et
1397 288 1720 335 transferenda

129 362 177 406 in
232 358 480 406 caccabum
534 360 736 419 priorem
786 363 1051 419 pertusum3
1104 357 1184 403 sed
1230 363 1337 403 ante
1382 357 1629 418 diligenter
1674 364 1722 404 et

131 430 280 490 spisse
326 429 533 475 foramen
580 429 680 475 eius
724 426 1036 474 obturandum
1082 428 1172 473 erit
1215 432 1354 488 atque
1391 426 1473 473 ubi
1509 427 1720 488 congela-

88 500 250 545 5verit
293 513 342 544 se
388 498 551 560 adeps,
598 496 934 544 extrahendum
973 496 1299 543 obturaculum
1337 498 1427 543 erit
1467 503 1512 544 et
1549 498 1717 558 spissa-

129 574 339 614 mentum
370 567 714 630 removendum,
745 573 797 613 ut
820 568 978 613 vinum
1002 581 1137 612 omne
1164 566 1354 612 effluere
1379 568 1540 627 possit.
1585 565 1719 620 Quod

130 652 236 684 cum
275 636 541 700 defluxerit,
578 636 720 697 adeps
757 636 829 683 vel
866 636 1277 698 medicamentum,
1315 636 1438 697 quod
1477 636 1722 698 resederit,

129 722 237 754 vaso
269 714 458 768 stagneo
489 721 582 753 uno
613 706 683 752 vel
714 705 928 767 pluribus
958 706 1206 766 diligenter
1236 707 1412 767 opertis
1444 711 1489 752 et
1513 705 1720 767 adplum-

130 776 250 823 batis
288 783 554 837 reponetur.
1305 808 1309 812 ·

0 843 1 846 ’
43 861 108 891 ·ιο
270 845 445 892 Harum
483 847 893 907 compositionum,
932 846 972 891 si
1009 859 1099 906 qua
1138 844 1252 891 fides
1291 850 1375 907 est,
1414 851 1460 891 et
1495 846 1596 906 ipse
1636 860 1722 906 ego

131 915 260 962 utilia
298 916 501 962 remedia
540 929 724 975 semper
754 920 975 975 expertus
1008 929 1110 960 sum
1143 921 1189 960 et
1218 913 1331 960 alios
1362 914 1484 960 idem
1517 916 1720 961 sensisse

131 986 378 1048 confirm03
409 999 512 1031 nam
545 991 591 1031 et
619 984 732 1031 illud
764 984 926 1046 adicio,
957 998 1252 1045 nequaquam
1282 983 1391 1030 huic
1423 998 1566 1045 acopo
1599 999 1721 1030 com-

131 1057 285 1117 parari
335 1070 472 1116 posse
525 1054 610 1101 alia
654 1054 979 1116 medicamina,
1031 1068 1149 1115 quae
1200 1055 1248 1099 in
1294 1053 1523 1100 similibus
1569 1055 1722 1100 causis

131 1125 343 1186 plerique
381 1126 635 1170 amicorum
673 1138 897 1186 meorum,
936 1123 1106 1183 quibus
1148 1137 1294 1183 aeque
1333 1138 1385 1170 ac
1424 1123 1536 1169 mihi
1567 1124 1722 1184 credo,

37 1202 110 1240 '15
134 1196 318 1255 egregia
356 1208 405 1241 se
444 1199 660 1254 expertos
698 1208 804 1240 cum
841 1192 1142 1239 iureiurando
1175 1193 1548 1239 adfirmaverunt.
1607 1193 1722 1239 lllud

133 1270 287 1311 autem
338 1265 605 1310 meminisse
658 1270 842 1324 oportet
887 1263 1243 1309 medicaminum
1290 1264 1466 1323 peritos
1511 1262 1582 1308 vel
1627 1270 1724 1309 stu·

134 1334 309 1396 diosos,
361 1347 709 1394 nonnumquam
748 1333 908 1379 eadem
947 1332 1250 1378 medicamina
1295 1334 1343 1378 in
1388 1331 1554 1378 iisdem
1598 1333 1722 1378 vitiis

134 1405 344 1464 corporis
390 1403 459 1449 vel
505 1402 734 1449 similibus
778 1401 1126 1448 infirmitatibus
1169 1401 1405 1448 interdum
1443 1401 1609 1448 melius
1647 1402 1723 1448 de-

133 1475 338 1520 teriusve
384 1472 668 1534 respondere
712 1478 904 1532 propter
941 1485 1192 1531 corporum
1229 1471 1606 1532 inaequalitatem
1645 1477 1725 1518 aut

72 1557 111 1587 20
135 1543 444 1589 differentiam
482 1548 684 1588 aetatum
721 1547 801 1588 aut
839 1542 1231 1602 opportunitatem
1263 1547 1527 1601 temporum
1559 1540 1630 1587 vel
1660 1541 1723 1587 lo-

133 1627 308 1668 corum,
340 1612 420 1658 sed
454 1612 646 1658 adfirmo
677 1625 929 1672 prosperos
960 1618 1168 1673 eventus,
1199 1612 1239 1656 si
1271 1610 1454 1671 quando
1486 1625 1602 1672 opus
1627 1611 1724 1657 fue-

133 1685 195 1729 rit
231 1681 456 1743 adhiberi,
493 1680 576 1727 has
615 1682 978 1742 compositiones
1016 1694 1202 1741 semper
1238 1679 1492 1726 habituras.

275 1751 584 1798 Chalasticum
623 1750 944 1811 Olympianum
984 1751 1265 1796 cerotarium
1303 1751 1485 1810 insigne
1524 1749 1580 1796 ad
1618 1764 1723 1795 ner-

134 1835 297 1867 vorum
335 1820 520 1866 dolores
559 1826 604 1866 et
642 1826 870 1882 tumoreS,
913 1820 1036 1881 quod
1074 1819 1197 1866 idem
1236 1819 1290 1865 ad
1331 1819 1548 1880 rhagadia
1586 1826 1632 1865 et
1669 1819 1724 1864 ad

26 1935 34 1946 ,
74 1904 113 1935 25
135 1890 347 1951 pustulas
385 1890 496 1936 utile
536 1897 625 1951 est,
675 1890 921 1936 conficitur
960 1892 1046 1936 sic:
1102 1889 1240 1935 Turis
1277 1914 1346 1920 —
1377 1888 1437 1951 11,
1475 1888 1726 1935 mastiches

142 1986 199 1992 —
234 1959 288 2020 Il,
327 1973 517 2020 spumae
556 1961 736 2019 argenti
772 1985 829 1992 ——
864 1959 919 2022 Il,
958 1973 1173 2005 cerussae
1211 1985 1269 1991 —
1304 1957 1359 2019 ΙΙ,
1397 1958 1727 2020 molybdaenae

141 2054 200 2062 —-
234 2029 289 2090 ll,
328 2028 418 2075 olei
448 2031 573 2074 rosei
603 2028 650 2075 P.
682 2028 714 2091 l,
753 2043 886 2075 cerae
918 2028 1045 2074 albae
1080 2054 1143 2060 —-
1175 2027 1273 2089 1111,
1304 2028 1452 2088 adipis
1483 2029 1726 2074 anserinae

140 2124 200 2132 —-
234 2098 295 2161 II,
336 2098 562 2144 medullae
600 2101 815 2145 cervinae
853 2124 919 2130 -
950 2097 1011 2160 ll,
1057 2112 1221 2144 sucum
1260 2097 1546 2144 lactucarum
1586 2112 1727 2158 quan-

137 2176 235 2215 tum
273 2168 494 2229 sufficiat,
539 2170 601 2214 ita
646 2174 698 2214 ut
743 2182 798 2214 ex
845 2182 986 2229 supra
1023 2169 1211 2227 scriptis
1250 2181 1367 2228 quae
1406 2169 1497 2213 teri
1534 2181 1726 2213 necesse

74 2252 114 2282 so
138 2244 210 2284 est
260 2229 366 2284 cum
419 2252 530 2283 suco
584 2239 684 2298 ipso
737 2237 855 2284 bene
910 2243 1119 2283 terantur
1171 2244 1216 2283 et
1266 2242 1427 2296 postea
1480 2237 1728 2297 supermit-

25 2316 28 2318 ’
137 2314 295 2354 tantur
339 2313 598 2368 unguenta,
649 2307 694 2352 id
752 2313 824 2352 est
876 2306 1051 2367 oleum,
1104 2320 1209 2352 cera
1264 2312 1311 2352 et
1361 2306 1502 2367 adeps
1548 2307 1728 2352 anseris

138 2383 184 2423 et
230 2376 428 2423 medulla
476 2378 684 2439 cervina,
731 2383 776 2422 et
821 2378 887 2422 sic
933 2376 1196 2422 consectum
1239 2375 1527 2421 medicamen
1565 2377 1612 2421 in
1651 2390 1728 2436 py-

138 2446 243 2492 xide
297 2454 483 2506 stagnea
537 2453 615 2493 aut
666 2448 714 2492 in
770 2445 953 2492 vasculo
1006 2444 1223 2506 plumbeo
1276 2451 1552 2507 reponatur3
1605 2446 1729 2491 simi-

139 2516 245 2562 liter
281 2517 329 2561 in
367 2518 683 2562 contractione
721 2530 969 2562 nervorum
1010 2529 1116 2561 caro
1155 2514 1420 2576 palumbina
1459 2520 1641 2576 sumpta
1680 2517 1728 2560 in

77 2600 116 2630 35
141 2585 243 2631 cibo
282 2585 485 2645 prodest.

284 2737 334 2774 10
364 2732 475 2788 ipse]
507 2733 779 2776 Scribonium
810 2733 1013 2787 intellige,
1042 2733 1166 2774 euius
1195 2732 1295 2774 haec
1324 2736 1427 2774 sunt
1455 2733 1594 2774 verba.

1755 1763 1812 1800 10
