1930 3008
142 460 198 498 38

146 1301 199 1338 39

146 1511 201 1548 40

143 1720 198 1757 41

145 2208 199 2246 43

144 2487 200 2524 44

844 68 1217 164 ---Ξ’>12-Ι

231 244 326 291 cias
373 241 579 304 singulas
623 242 673 287 in
717 240 956 303 pulverem
1001 241 1186 303 rediges
1231 247 1279 288 et
1323 257 1430 289 cum
1474 243 1610 290 melle
1652 245 1828 305 optimo

230 313 506 373 despumato
546 317 773 373 quantum
810 312 1011 358 sufficiat
1046 311 1356 372 permiscebis
1401 318 1447 359 et
1484 314 1642 360 ieiuno
1681 313 1829 361 colico

231 382 356 445 quod
395 384 508 429 satis
546 384 608 428 sit
644 380 789 428 dabis.

373 451 644 513 Conpositio
697 450 868 498 colices
919 465 975 497 ex
1022 450 1142 497 libro
1186 451 1467 515 Philonidis,
1519 467 1636 514 quae
1688 455 1828 500 etiam

230 522 419 569 Tiberio
447 523 634 569 Caesari
664 519 1029 583 conponebatur,
1060 535 1223 582 graves
1255 529 1302 569 et
1331 523 1614 569 inveteratos
1644 522 1828 570 dolores
1851 539 1872 571 5

229 594 465 655 mitigans,
494 592 609 638 mihi
639 605 826 652 quoque
858 592 1191 652 experimentis
1215 594 1471 655 notissima,
1502 593 1672 654 accipit
1693 592 1829 640 haec:

229 663 337 724 Apii
367 663 559 708 seminis
594 661 844 724 heminam,
882 660 1039 708 anethi
1069 663 1275 708 tenuiter
1306 663 1498 709 arefacti
1529 664 1829 725 semunciam,

231 733 434 780 castorei
472 732 780 793 semunciam,
823 745 1006 792 myrrae
1046 733 1354 794 semunciam,
1395 732 1529 779 nardi
1567 734 1722 794 spicae
1761 747 1830 779 se-

230 805 479 864 munciam,
518 803 613 863 opii
651 802 953 863 semunciam,
990 802 1119 848 croci
1156 804 1457 865 semunciam,
1495 804 1672 864 piperis
1705 803 1830 863 longi

232 873 534 933 semunciam,
564 873 742 933 piperis
768 872 892 931 nigri
913 872 1213 934 semunciam,
1243 872 1506 934 petrosilini
1529 874 1829 919 semunciam.
1856 889 1895 919 ιο

230 943 401 1004 Apium
439 942 591 1003 pridie
629 940 887 987 macerabis
926 947 972 987 et
1009 947 1148 1003 tereS‚
1188 948 1344 988 cetera
1377 942 1548 989 tundes
1579 950 1626 989 et
1656 942 1830 989 cribra-

230 1012 303 1059 bis
342 1018 389 1059 et
425 1013 562 1058 mista
600 1025 706 1058 cum
745 1012 848 1072 apio
886 1012 935 1056 in
972 1012 1195 1058 mortario
1228 1011 1583 1073 diligentissime
1615 1019 1830 1059 conteres

231 1089 279 1130 et
322 1081 459 1129 melle
506 1082 778 1143 despumato
824 1082 998 1141 optimo
1045 1081 1398 1141 conprehendes
1443 1087 1582 1142 atque
1626 1084 1675 1128 in
1723 1096 1829 1129 vaso

230 1155 380 1199 vitreo
426 1151 621 1213 condes;
667 1165 774 1197 cum
819 1164 938 1211 opus
983 1150 1146 1213 fuerit,
1191 1150 1321 1198 dabis
1367 1151 1584 1198 denarios
1622 1151 1830 1212 singulos

231 1237 288 1269 ex
326 1236 473 1283 aquae
513 1220 687 1267 calidae
726 1219 903 1281 cyathis
940 1220 1108 1267 tribus.
1854 1237 1895 1268 15

371 1291 440 1338 Ad
479 1290 571 1338 coli
600 1290 808 1337 dolorem
841 1295 1023 1337 stereus
1054 1290 1280 1337 bubulum
1312 1305 1477 1338 recens
1509 1293 1716 1353 exprime
1746 1307 1831 1353 per

231 1362 428 1409 linteum
465 1360 693 1407 mundum
732 1366 778 1407 et
815 1374 982 1407 sucum
1013 1362 1113 1407 eius
1143 1362 1192 1407 in
1224 1360 1430 1422 qualibet
1459 1363 1648 1422 potione
1683 1362 1830 1409 colico

232 1433 289 1480 da
326 1431 602 1494 bibendum,
640 1432 797 1477 statim
835 1430 1106 1493 subvenies3
1149 1431 1272 1491 quod
1310 1431 1571 1478 remedium
1609 1431 1831 1479 efficacis-

233 1505 405 1550 simum
458 1515 560 1548 esse
609 1500 755 1546 multa
800 1502 1118 1561 experimenta
1170 1501 1446 1548 docuerunt.
1519 1501 1726 1562 Papaver
1774 1516 1831 1548 ex

231 1587 351 1634 aqua
387 1571 537 1618 mulsa
576 1570 823 1617 decoctum
861 1570 992 1616 dabis
1030 1570 1176 1617 colico
1214 1572 1371 1616 ieiuno
1410 1571 1685 1634 bibendum,
1723 1586 1830 1619 con·
1853 1586 1895 1616 20

230 1643 387 1690 festim
425 1641 686 1688 subvenies.

372 1711 499 1758 Inter
545 1716 736 1771 experta
777 1708 1080 1756 subnotatum
1117 1715 1189 1756 est
1225 1709 1313 1756 hoc
1352 1710 1511 1757 colicis
1548 1712 1721 1756 mirum
1758 1725 1830 1756 re-

230 1782 437 1830 medium
476 1782 564 1828 sic:
601 1780 702 1827 Fici
738 1781 889 1826 siccae
921 1781 1107 1826 unciam
1137 1779 1171 1842 I,
1209 1781 1292 1826 iris
1326 1779 1534 1842 Illyricae
1570 1805 1630 1813 —
1664 1779 1697 1843 I,
1736 1786 1828 1827 vet-

230 1854 414 1900 tonicae
457 1877 516 1884 -—
551 1850 571 1896 1
614 1852 663 1897 in
708 1849 846 1896 ollam
889 1864 1054 1896 novam
1100 1851 1257 1896 mittes
1302 1864 1408 1896 cum
1446 1849 1645 1896 bisextio
1684 1865 1829 1911 aquae

232 1929 280 1969 et
323 1936 429 1969 cum
478 1935 619 1982 supra
665 1921 852 1981 scriptis
898 1920 953 1966 ad
992 1919 1207 1966 dimidias
1245 1934 1420 1981 coques
1458 1926 1504 1967 et
1540 1919 1648 1966 inde
1685 1920 1829 1967 hemi-
1852 1934 1894 1966 25

231 2007 339 2039 nam
392 1991 523 2038 dahis
574 1991 733 2037 ieiuno
786 1989 933 2036 colico
983 1990 1243 2050 potandam.
1316 1989 1491 2053 Herba,
1538 2004 1655 2050 quae
1699 1990 1828 2037 mile-

230 2062 394 2108 folium
425 2060 698 2123 appellatur,
728 2061 838 2106 trita
869 2074 925 2106 ex
954 2061 1061 2106 vino
1093 2066 1279 2106 austero
1309 2061 1443 2121 nigro
1468 2060 1647 2106 utiliter
1670 2060 1829 2106 colicis

230 2131 434 2178 bibenda
471 2131 622 2177 datur.

371 2200 575 2247 Herbam
614 2206 830 2261 nepetam
868 2199 1030 2246 dextra
1067 2213 1209 2246 manu
1254 2198 1462 2259 colligeS,
1508 2199 1555 2244 in
1602 2204 1828 2260 quantum

231 2271 451 2318 sufficere
496 2285 635 2332 posse
680 2269 959 2332 credideris,
1005 2283 1200 2330 eamque
1245 2269 1300 2315 ad
1341 2268 1573 2315 levitatem
1612 2275 1827 2315 conteres
1851 2283 1893 2313 31>

231 2347 279 2388 et
324 2356 431 2388 cum
476 2342 582 2387 vino
628 2339 754 2386 dulci
799 2354 851 2386 ac
896 2345 1055 2386 vetere
1092 2338 1164 2385 vel
1199 2338 1447 2400 Libycensi
1484 2339 1630 2385 colico
1669 2341 1826 2385 ieiuno

230 2425 316 2472 per
345 2411 555 2458 triduum
587 2409 738 2472 dabis3
778 2409 859 2456 sed
890 2410 987 2455 vini
1015 2409 1181 2455 modus
1212 2410 1272 2454 sit
1302 2409 1580 2471 quartarius,
1611 2408 1826 2455 facillime

231 2481 456 2542 proderit.
508 2479 736 2540 Fuliginis
774 2479 893 2526 bene
923 2481 1061 2525 tritae
1093 2485 1139 2524 et
1170 2477 1388 2524 criblatae
1419 2483 1578 2523 ternos
1610 2478 1827 2524 denarios

230 2565 315 2612 per
352 2551 562 2597 triduum
601 2564 657 2596 ex
694 2564 813 2611 aqua
851 2548 998 2596 calida
1034 2550 1190 2595 ieiuno
1229 2547 1375 2594 colico
1413 2548 1545 2608 potui
1582 2547 1728 2596 dabis,

371 2661 399 2697 4
430 2657 630 2700 coliaces.
771 2661 794 2697 7
827 2655 1029 2697 eminam.
1170 2657 1195 2695 8
1225 2654 1497 2696 castoreuno.
1644 2658 1693 2695 13
1726 2666 1826 2695 con-

229 2711 469 2766 prehindis.
588 2716 640 2753 14
672 2710 866 2753 dinarius
896 2709 1108 2763 singulus.
1224 2714 1276 2751 23
1308 2710 1452 2753 uncia.
1554 2709 1825 2753 vectonicae.

230 2772 282 2809 31
315 2767 531 2810 libicensi.
648 2772 700 2810 33
731 2769 882 2809 ternus
914 2765 1130 2808 denarius.
