1930 3008
757 109 1128 185 -3774

291 262 483 310 Galbani
520 264 821 326 semunciam,
858 263 1138 325 opopanacis
1176 264 1338 310 uncias
1376 263 1505 326 duaS,
1542 267 1743 312 castorei
1773 272 1827 311 53

151 335 312 380 uncias
349 333 411 396 Il,
457 348 591 380 cerae
635 332 685 380 P.
725 333 787 396 11,
832 332 921 379 olei
964 332 1135 379 laurini
1178 335 1341 380 uncias
1378 332 1439 396 II,
1485 333 1575 381 olei
1619 349 1743 381 com-

149 404 305 450 munis
348 403 398 450 P.
430 403 471 466 Ι,
515 403 606 450 olei
650 404 820 450 veteris
865 402 1045 449 rancidi
1087 402 1137 450 P.
1167 402 1207 465 I,
1253 403 1514 464 aphronitri
1558 404 1744 452 candidi

146 472 315 534 pilulas
352 473 620 535 duodecim,
664 472 894 519 medullae
933 474 1146 519 cervinae
1183 472 1338 534 pondo
1378 487 1544 534 unum,
1585 473 1744 536 butyri

105 541 197 589 5P.
236 542 276 604 I,
322 542 476 589 clavos
520 542 743 604 caligares
789 542 846 588 de
892 541 1164 589 sterculinio
1210 541 1431 589 collectos
1477 543 1534 590 de
1580 544 1743 591 dextra

147 611 292 674 caliga
323 611 437 675 Vlll,
475 613 531 660 de
570 614 758 659 sinistra
796 619 976 674 septem
1005 613 1053 658 in
1085 611 1279 673 singulis
1309 612 1512 659 linteolis
1542 613 1742 676 alligato,

147 682 215 728 sic
259 683 308 728 in
353 696 550 729 aeneum
595 684 746 744 mitte3
792 682 960 728 deinde
1004 683 1069 728 ita
1114 696 1219 729 cum
1259 696 1400 743 supra
1439 685 1627 745 scriptis
1665 684 1742 731 de·

147 765 311 813 coque,
348 757 401 798 ut
438 752 739 813 emplastrum
772 752 969 798 densum
1000 751 1141 798 facias
1170 751 1369 813 pedibus
1401 767 1507 799 cum
1537 753 1743 801 volueris

147 820 486 882 adponendum.
539 820 864 882 Opopanacem
901 835 1011 867 sane
1050 836 1155 868 cum
1192 821 1457 885 liquaveriS,
1495 823 1743 884 galbanum

45 887 49 902 ³
84 902 124 933 10
145 896 306 951 postea
342 890 563 954 liquabis;
601 891 769 937 dehinc
801 892 954 937 omnia
984 890 1164 952 reliqua
1199 906 1307 938 cum
1337 894 1535 956 coxeris,
1566 893 1742 940 colabis

45 954 48 958 ’
148 966 194 1007 et
233 961 299 1007 sic
337 960 394 1006 de
432 962 676 1022 permixtis
713 960 929 1007 omnibus
961 960 1264 1021 emplastrum
1295 961 1458 1025 facies3
1495 963 1742 1010 miraberis

146 1030 406 1077 remedium
443 1030 688 1093 podagrae,
725 1031 832 1091 quia
869 1030 1073 1091 palmare
1111 1036 1196 1077 est.

286 1100 356 1146 Ad
399 1102 627 1161 impetum
677 1100 908 1161 podagrae
961 1100 1242 1161 remedium,
1294 1101 1420 1162 quod
1464 1100 1743 1149 Artemisius
1774 1106 1830 1145 54

147 1168 310 1215 Dianio
349 1170 554 1216 ostendit
591 1171 678 1216 sic:
723 1169 860 1216 Croci
897 1170 1112 1216 denarios
1150 1170 1288 1232 duos,
1326 1171 1533 1230 pulveris
1570 1172 1744 1236 Asiani,

84 1249 124 1280 15
146 1239 193 1284 id
239 1245 310 1286 est
354 1239 410 1285 de
451 1239 603 1300 lapide
640 1239 897 1301 Magnesio,
944 1241 1024 1300 qui
1067 1241 1115 1286 in
1161 1239 1400 1286 venalibus
1446 1240 1634 1288 difficile
1673 1243 1742 1288 in-

147 1310 355 1371 venitur,
399 1311 584 1355 unciam
629 1323 791 1370 unam;
836 1309 917 1355 sed
963 1310 1003 1355 si
1047 1309 1123 1356 hic
1168 1324 1262 1356 non
1301 1311 1382 1371 sit,
1426 1324 1512 1371 pro
1549 1311 1743 1372 pulvere

147 1378 408 1439 aphronitri
444 1404 509 1411 -
541 1378 560 1424 I
598 1381 756 1425 mittes
793 1386 840 1425 et
877 1393 1070 1425 ovorum
1109 1385 1330 1440 quattuor
1359 1379 1611 1443 lacrimam,
1649 1375 1743 1428 non

146 1447 408 1494 medullam.
482 1448 606 1494 Haec
652 1450 760 1495 trita
805 1454 851 1495 et
896 1450 1036 1494 mixta
1082 1454 1413 1510 conponuntur
1459 1452 1507 1496 in
1553 1451 1743 1498 modum

149 1520 310 1580 ceroti,
348 1519 440 1578 quo
479 1517 834 1579 superlinuntur
871 1518 1014 1579 pedes
1052 1518 1108 1565 de
1146 1518 1350 1579 pinnula.

87 1598 127 1628 20
289 1587 503 1633 Farinam
542 1588 598 1634 de
636 1587 842 1634 meliloto
879 1590 927 1634 in
964 1587 1075 1634 lotio
1113 1588 1316 1634 humano
1355 1594 1402 1635 et
1438 1591 1742 1651 axungia-ve-
1773 1594 1828 1632 55

147 1663 248 1703 tere
294 1672 533 1719 concoque
578 1671 772 1718 eamque
818 1672 970 1719 panno
1023 1657 1166 1704 inline
1220 1664 1268 1704 et
1319 1673 1422 1704 mox
1477 1659 1559 1706 ubi
1611 1660 1744 1707 dolor

147 1726 479 1789 auspicabitur,
516 1727 714 1788 pedibus
750 1728 959 1791 impone,
995 1742 1081 1790 pro
1119 1734 1248 1775 certo
1288 1730 1444 1774 statim
1482 1743 1590 1775 eum
1626 1729 1743 1776 mul-

148 1796 272 1843 cebit
307 1796 396 1843 hoc
433 1797 706 1843 remedium.

22 1906 25 1924 ,
287 1866 525 1927 Axungiae
571 1866 618 1913 P.
665 1868 775 1928 tria,
826 1868 1009 1913 resinae
1062 1866 1404 1913 terebinthinae
1449 1867 1497 1914 P.
1536 1868 1580 1931 Ι,
1624 1871 1743 1930 picis
1774 1873 1829 1912 56

22 1943 25 1992 ξ
84 1944 126 1976 25
147 1934 350 1996 liquidae
389 1935 435 1981 P.
475 1936 514 1997 1,
561 1951 695 1982 cerae
741 1938 999 1983 communis
1037 1936 1086 1983 P.
1123 1936 1164 1997 I,
1209 1936 1448 1998 sulphuris
1492 1939 1583 1984 vivi
1626 1938 1678 1986 P.
1709 1939 1743 2001 1,

147 2010 280 2051 rutae
319 2005 480 2051 viridis
519 1999 582 2071 ᾃα
611 2005 687 2067 ΙΙΙ,
726 2005 918 2052 schoeni
953 2031 1009 2038 -
1044 2005 1098 2063 II,
1135 2005 1316 2052 bdellae
1354 2010 1558 2054 recentis
1589 2034 1654 2042 —
1686 2008 1740 2055 11.

147 2073 263 2121 Cum
300 2076 454 2121 omnia
491 2075 768 2121 remittenda
805 2077 1043 2121 remiseris
1081 2081 1128 2122 et
1165 2082 1320 2122 cetera
1358 2077 1625 2139 miscueris,
1662 2093 1743 2125 no-

147 2146 335 2190 vissime
382 2144 533 2191 sulfur
578 2151 770 2191 tunsum
815 2146 987 2192 adicies
1034 2150 1080 2191 et
1118 2147 1269 2191 omnia
1307 2147 1435 2193 iuxta
1471 2148 1628 2208 ignem
1667 2163 1742 2194 ex—

148 2215 316 2274 agitata
355 2213 586 2260 miscebis.
642 2214 766 2261 Haec
805 2216 1079 2276 compositio
1110 2215 1342 2276 praesidio
1374 2225 1552 2264 servata
1584 2232 1743 2279 quam-

23 2283 25 2328 }
86 2293 126 2324 30
148 2285 218 2330 vis
255 2298 411 2330 acrem
447 2285 674 2344 impetum
711 2284 941 2345 podagrae
980 2286 1176 2331 orientis
1214 2286 1456 2346 extinguit.

23 2345 25 2348 ⁴
289 2352 390 2399 Olei
442 2355 622 2415 cyprini
674 2354 878 2400 modium
931 2356 979 2400 in
1032 2368 1226 2401 aeneum
1280 2357 1482 2402 conicies
1543 2371 1742 2418 cumque
1774 2361 1827 2400 5⁷

147 2424 351 2483 primum
389 2423 605 2485 fervebit,
650 2425 807 2470 mittes
844 2425 893 2469 in
930 2423 1044 2470 illud
1083 2423 1267 2484 vulpem
1306 2425 1557 2471 masculam
1597 2428 1742 2473 vivam

150 2499 197 2538 et
240 2497 333 2538 tam
372 2493 451 2539 diu
497 2507 694 2555 coques,
744 2493 891 2539 donec
937 2508 1108 2555 corpus
1154 2495 1254 2540 eius
1301 2494 1490 2541 surculo
1529 2495 1743 2543 facillime

149 2562 481 2625 transforetur3
511 2569 624 2609 tunc
657 2563 808 2609 oleum
833 2563 1092 2624 percolabis
1120 2569 1166 2609 et
1189 2563 1362 2610 adicies
1385 2566 1434 2610 in
1457 2565 1503 2611 id
1528 2568 1743 2629 samsuci,

291 2727 343 2765 22
375 2737 454 2775 pro
486 2725 624 2780 certo]
657 2739 718 2766 om
748 2725 992 2778 leyendum:
1028 2725 1206 2779 impone
1243 2739 1324 2779 pro
1354 2728 1526 2778 ceroto,
1558 2727 1740 2770 statim?

150 2783 204 2820 32
235 2778 478 2821 masculam
509 2779 654 2822 vivam
685 2782 863 2834 scripsi:
892 2782 1135 2823 masculum
1166 2781 1315 2824 vivum
1347 2783 1599 2825 Cornarius.
