<?xml version="1.0" encoding="UTF-8"?>
<!DOCTYPE html PUBLIC "-//W3C//DTD XHTML 1.0 Transitional//EN"
    "http://www.w3.org/TR/xhtml1/DTD/xhtml1-transitional.dtd">
<html xmlns="http://www.w3.org/1999/xhtml" xml:lang="en" lang="en">
 <head>
  <title>
</title>
<meta http-equiv="Content-Type" content="text/html;charset=utf-8" />
  <meta name='ocr-system' content='tesseract 3.04.00' />
  <meta name='ocr-capabilities' content='ocr_page ocr_carea ocr_par ocr_line ocrx_word'/>
</head>
<body>
  <div class='ocr_page' id='page_1' title='image "./demedicamentisli00marcuoft_0095.png"; bbox 0 0 1898 3016; ppageno 0'>
   <div class='ocr_carea' id='block_1_1' title="bbox 0 0 45 3016">
    <p class='ocr_par' dir='ltr' id='par_1_1' title="bbox 0 0 45 3016">
     <span class='ocr_line' id='line_1_1' title="bbox 0 0 45 3016; baseline 0 0"><span class='ocrx_word' id='word_1_1' title='bbox 0 0 45 3016; x_wconf 95' lang='lat' dir='ltr'> </span> 
     </span>
    </p>
   </div>
   <div class='ocr_carea' id='block_1_2' title="bbox 2 245 1794 2672">
    <p class='ocr_par' dir='ltr' id='par_1_2' title="bbox 2 245 1794 2672">
     <span class='ocr_line' id='line_1_2' title="bbox 123 245 1715 310; baseline -0.001 -15"><span class='ocrx_word' id='word_1_2' title='bbox 123 253 291 310; x_wconf 87' lang='lat' dir='ltr'>mento,</span> <span class='ocrx_word' id='word_1_3' title='bbox 322 261 413 308; x_wconf 90' lang='lat' dir='ltr'>quo</span> <span class='ocrx_word' id='word_1_4' title='bbox 444 249 584 307; x_wconf 86' lang='lat' dir='ltr'>pinna</span> <span class='ocrx_word' id='word_1_5' title='bbox 616 246 841 308; x_wconf 88' lang='lat' dir='ltr'>avellitur,</span> <span class='ocrx_word' id='word_1_6' title='bbox 872 245 1033 308; x_wconf 89' lang='lat' dir='ltr'>oculis,</span> <span class='ocrx_word' id='word_1_7' title='bbox 1072 246 1181 292; x_wconf 86' lang='lat' dir='ltr'>dum</span> <span class='ocrx_word' id='word_1_8' title='bbox 1213 246 1363 292; x_wconf 90' lang='lat' dir='ltr'>adbuc</span> <span class='ocrx_word' id='word_1_9' title='bbox 1394 252 1536 307; x_wconf 87' lang='lat' dir='ltr'>tepet,</span> <span class='ocrx_word' id='word_1_10' title='bbox 1576 245 1715 293; x_wconf 89' lang='lat' dir='ltr'>debet</span> 
     </span>
     <span class='ocr_line' id='line_1_3' title="bbox 122 316 1712 378; baseline -0.002 -14"><span class='ocrx_word' id='word_1_11' title='bbox 122 316 316 377; x_wconf 84' lang='lat' dir='ltr'>infundi,</span> <span class='ocrx_word' id='word_1_12' title='bbox 350 318 430 377; x_wconf 86' lang='lat' dir='ltr'>qui</span> <span class='ocrx_word' id='word_1_13' title='bbox 468 318 565 363; x_wconf 90' lang='lat' dir='ltr'>ictu</span> <span class='ocrx_word' id='word_1_14' title='bbox 595 316 749 378; x_wconf 90' lang='lat' dir='ltr'>aliquo</span> <span class='ocrx_word' id='word_1_15' title='bbox 779 316 1008 363; x_wconf 85' lang='lat' dir='ltr'>vulnerati</span> <span class='ocrx_word' id='word_1_16' title='bbox 1038 322 1118 362; x_wconf 90' lang='lat' dir='ltr'>aut</span> <span class='ocrx_word' id='word_1_17' title='bbox 1149 317 1372 376; x_wconf 87' lang='lat' dir='ltr'>sanguine</span> <span class='ocrx_word' id='word_1_18' title='bbox 1412 316 1578 362; x_wconf 81' lang='lat' dir='ltr'>suffusi</span> <span class='ocrx_word' id='word_1_19' title='bbox 1616 316 1712 362; x_wconf 83' lang='lat' dir='ltr'>sue·</span> 
     </span>
     <span class='ocr_line' id='line_1_4' title="bbox 122 385 1712 449; baseline -0.002 -15"><span class='ocrx_word' id='word_1_20' title='bbox 122 388 237 449; x_wconf 83' lang='lat' dir='ltr'>rint3</span> <span class='ocrx_word' id='word_1_21' title='bbox 288 385 440 432; x_wconf 88' lang='lat' dir='ltr'>album</span> <span class='ocrx_word' id='word_1_22' title='bbox 494 401 678 447; x_wconf 90' lang='lat' dir='ltr'>quoque</span> <span class='ocrx_word' id='word_1_23' title='bbox 731 388 806 432; x_wconf 92' lang='lat' dir='ltr'>ovi</span> <span class='ocrx_word' id='word_1_24' title='bbox 851 387 1021 432; x_wconf 84' lang='lat' dir='ltr'>incocti</span> <span class='ocrx_word' id='word_1_25' title='bbox 1067 400 1173 432; x_wconf 92' lang='lat' dir='ltr'>cum</span> <span class='ocrx_word' id='word_1_26' title='bbox 1219 399 1357 431; x_wconf 88' lang='lat' dir='ltr'>croco</span> <span class='ocrx_word' id='word_1_27' title='bbox 1403 387 1513 432; x_wconf 90' lang='lat' dir='ltr'>trito</span> <span class='ocrx_word' id='word_1_28' title='bbox 1563 385 1712 432; x_wconf 89' lang='lat' dir='ltr'>oculis</span> 
     </span>
     <span class='ocr_line' id='line_1_5' title="bbox 121 454 1794 518; baseline -0.001 -14"><span class='ocrx_word' id='word_1_29' title='bbox 121 457 464 518; x_wconf 89' lang='lat' dir='ltr'>superpositum</span> <span class='ocrx_word' id='word_1_30' title='bbox 490 462 536 502; x_wconf 92' lang='lat' dir='ltr'>et</span> <span class='ocrx_word' id='word_1_31' title='bbox 558 455 660 501; x_wconf 87' lang='lat' dir='ltr'>lana</span> <span class='ocrx_word' id='word_1_32' title='bbox 683 455 782 502; x_wconf 87' lang='lat' dir='ltr'>alba</span> <span class='ocrx_word' id='word_1_33' title='bbox 807 456 966 502; x_wconf 89' lang='lat' dir='ltr'>sucida</span> <span class='ocrx_word' id='word_1_34' title='bbox 990 455 1247 501; x_wconf 90' lang='lat' dir='ltr'>involutum</span> <span class='ocrx_word' id='word_1_35' title='bbox 1265 454 1492 500; x_wconf 89' lang='lat' dir='ltr'>medetur.</span> <span class='ocrx_word' id='word_1_36' title='bbox 1525 454 1699 501; x_wconf 87' lang='lat' dir='ltr'>Ranam</span> <span class='ocrx_word' id='word_1_37' title='bbox 1715 465 1794 502; x_wconf 86' lang='lat'>135</span> 
     </span>
     <span class='ocr_line' id='line_1_6' title="bbox 78 524 1708 586; baseline 0 -15"><span class='ocrx_word' id='word_1_38' title='bbox 78 539 98 571; x_wconf 75' lang='grc' dir='ltr'><strong>ο</strong></span> <span class='ocrx_word' id='word_1_39' title='bbox 121 526 177 573; x_wconf 90' lang='lat' dir='ltr'>de</span> <span class='ocrx_word' id='word_1_40' title='bbox 214 525 317 572; x_wconf 88' lang='lat' dir='ltr'>lacu</span> <span class='ocrx_word' id='word_1_41' title='bbox 347 525 546 586; x_wconf 90' lang='lat' dir='ltr'>prendes</span> <span class='ocrx_word' id='word_1_42' title='bbox 585 531 631 571; x_wconf 91' lang='lat' dir='ltr'>et</span> <span class='ocrx_word' id='word_1_43' title='bbox 669 526 800 586; x_wconf 88' lang='lat' dir='ltr'>spina</span> <span class='ocrx_word' id='word_1_44' title='bbox 839 525 999 572; x_wconf 91' lang='lat' dir='ltr'>oculos</span> <span class='ocrx_word' id='word_1_45' title='bbox 1037 526 1080 571; x_wconf 91' lang='lat' dir='ltr'>ei</span> <span class='ocrx_word' id='word_1_46' title='bbox 1117 524 1352 571; x_wconf 78' lang='lat' dir='ltr'>subtiliter</span> <span class='ocrx_word' id='word_1_47' title='bbox 1391 539 1530 570; x_wconf 87' lang='lat' dir='ltr'>erues</span> <span class='ocrx_word' id='word_1_48' title='bbox 1570 531 1708 585; x_wconf 91' lang='lat' dir='ltr'>atque</span> 
     </span>
     <span class='ocr_line' id='line_1_7' title="bbox 119 594 1709 656; baseline -0.002 -14"><span class='ocrx_word' id='word_1_49' title='bbox 119 598 167 642; x_wconf 90' lang='lat' dir='ltr'>in</span> <span class='ocrx_word' id='word_1_50' title='bbox 196 609 348 656; x_wconf 90' lang='lat' dir='ltr'>panno</span> <span class='ocrx_word' id='word_1_51' title='bbox 379 596 598 641; x_wconf 91' lang='lat' dir='ltr'>coccineo</span> <span class='ocrx_word' id='word_1_52' title='bbox 638 594 694 640; x_wconf 93' lang='lat' dir='ltr'>de</span> <span class='ocrx_word' id='word_1_53' title='bbox 726 594 832 641; x_wconf 90' lang='lat' dir='ltr'>licio</span> <span class='ocrx_word' id='word_1_54' title='bbox 870 595 1035 655; x_wconf 87' lang='lat' dir='ltr'>ligatos</span> <span class='ocrx_word' id='word_1_55' title='bbox 1073 594 1220 640; x_wconf 91' lang='lat' dir='ltr'>oculis</span> <span class='ocrx_word' id='word_1_56' title='bbox 1258 596 1458 640; x_wconf 90' lang='lat' dir='ltr'>interius</span> <span class='ocrx_word' id='word_1_57' title='bbox 1498 596 1709 640; x_wconf 90' lang='lat' dir='ltr'>cruentis</span> 
     </span>
     <span class='ocr_line' id='line_1_8' title="bbox 119 663 1793 726; baseline -0.001 -14"><span class='ocrx_word' id='word_1_58' title='bbox 119 678 428 726; x_wconf 86' lang='lat' dir='ltr'>superpones,</span> <span class='ocrx_word' id='word_1_59' title='bbox 471 666 564 710; x_wconf 91' lang='lat' dir='ltr'>cito</span> <span class='ocrx_word' id='word_1_60' title='bbox 609 663 883 711; x_wconf 82' lang='lat' dir='ltr'>medeberis.</span> <span class='ocrx_word' id='word_1_61' title='bbox 957 664 1047 710; x_wconf 90' lang='lat' dir='ltr'>Mel</span> <span class='ocrx_word' id='word_1_62' title='bbox 1083 665 1290 710; x_wconf 84' lang='lat' dir='ltr'>Atticum</span> <span class='ocrx_word' id='word_1_63' title='bbox 1329 670 1376 710; x_wconf 90' lang='lat' dir='ltr'>et</span> <span class='ocrx_word' id='word_1_64' title='bbox 1413 670 1597 710; x_wconf 87' lang='lat' dir='ltr'>stercus</span> <span class='ocrx_word' id='word_1_65' title='bbox 1635 665 1793 711; x_wconf 67' lang='grc' dir='ltr'>ἰπὶ-136</span> 
     </span>
     <span class='ocr_line' id='line_1_9' title="bbox 118 733 1709 796; baseline -0.001 -15"><span class='ocrx_word' id='word_1_66' title='bbox 118 735 270 796; x_wconf 83' lang='lat' dir='ltr'>fantis,</span> <span class='ocrx_word' id='word_1_67' title='bbox 301 733 423 795; x_wconf 82' lang='lat' dir='ltr'>quod</span> <span class='ocrx_word' id='word_1_68' title='bbox 454 736 654 794; x_wconf 87' lang='lat' dir='ltr'>primum</span> <span class='ocrx_word' id='word_1_69' title='bbox 687 734 891 794; x_wconf 80' lang='lat' dir='ltr'>dimittit,</span> <span class='ocrx_word' id='word_1_70' title='bbox 923 735 1079 780; x_wconf 88' lang='lat' dir='ltr'>statim</span> <span class='ocrx_word' id='word_1_71' title='bbox 1104 748 1159 779; x_wconf 90' lang='lat' dir='ltr'>ex</span> <span class='ocrx_word' id='word_1_72' title='bbox 1190 733 1308 779; x_wconf 90' lang='lat' dir='ltr'>lacte</span> <span class='ocrx_word' id='word_1_73' title='bbox 1340 733 1566 796; x_wconf 89' lang='lat' dir='ltr'>mulieris,</span> <span class='ocrx_word' id='word_1_74' title='bbox 1591 748 1709 794; x_wconf 90' lang='lat' dir='ltr'>quae</span> 
     </span>
     <span class='ocr_line' id='line_1_10' title="bbox 117 802 1709 865; baseline -0.001 -15"><span class='ocrx_word' id='word_1_75' title='bbox 117 817 314 865; x_wconf 90' lang='lat' dir='ltr'>puerum</span> <span class='ocrx_word' id='word_1_76' title='bbox 358 802 568 864; x_wconf 90' lang='lat' dir='ltr'>allactat,</span> <span class='ocrx_word' id='word_1_77' title='bbox 614 803 918 863; x_wconf 89' lang='lat' dir='ltr'>permiscebis</span> <span class='ocrx_word' id='word_1_78' title='bbox 971 810 1016 849; x_wconf 88' lang='lat' dir='ltr'>et</span> <span class='ocrx_word' id='word_1_79' title='bbox 1073 806 1139 849; x_wconf 92' lang='lat' dir='ltr'>sic</span> <span class='ocrx_word' id='word_1_80' title='bbox 1184 805 1404 864; x_wconf 81' lang='lat' dir='ltr'>inunges3</span> <span class='ocrx_word' id='word_1_81' title='bbox 1452 804 1532 849; x_wconf 90' lang='lat' dir='ltr'>sed</span> <span class='ocrx_word' id='word_1_82' title='bbox 1577 805 1709 863; x_wconf 89' lang='lat' dir='ltr'>prius</span> 
     </span>
     <span class='ocr_line' id='line_1_11' title="bbox 56 871 1709 934; baseline 0 -16"><span class='ocrx_word' id='word_1_83' title='bbox 56 887 96 918; x_wconf 85' lang='lat'>10</span> <span class='ocrx_word' id='word_1_84' title='bbox 119 888 224 920; x_wconf 89' lang='lat' dir='ltr'>eum</span> <span class='ocrx_word' id='word_1_85' title='bbox 264 875 342 934; x_wconf 90' lang='lat' dir='ltr'>qui</span> <span class='ocrx_word' id='word_1_86' title='bbox 379 873 614 919; x_wconf 89' lang='lat' dir='ltr'>curandus</span> <span class='ocrx_word' id='word_1_87' title='bbox 660 879 731 919; x_wconf 91' lang='lat' dir='ltr'>est</span> <span class='ocrx_word' id='word_1_88' title='bbox 774 881 984 919; x_wconf 91' lang='lat' dir='ltr'>erectum</span> <span class='ocrx_word' id='word_1_89' title='bbox 1023 873 1078 918; x_wconf 92' lang='lat' dir='ltr'>ad</span> <span class='ocrx_word' id='word_1_90' title='bbox 1115 872 1285 918; x_wconf 87' lang='lat' dir='ltr'>scalam</span> <span class='ocrx_word' id='word_1_91' title='bbox 1323 871 1555 934; x_wconf 77' lang='lat' dir='ltr'>alligabis,</span> <span class='ocrx_word' id='word_1_92' title='bbox 1603 875 1709 933; x_wconf 89' lang='lat' dir='ltr'>quia</span> 
     </span>
     <span class='ocr_line' id='line_1_12' title="bbox 117 941 1709 1004; baseline -0.002 -14"><span class='ocrx_word' id='word_1_93' title='bbox 117 949 243 990; x_wconf 87' lang='lat' dir='ltr'>tanta</span> <span class='ocrx_word' id='word_1_94' title='bbox 281 944 348 988; x_wconf 89' lang='lat' dir='ltr'>vis</span> <span class='ocrx_word' id='word_1_95' title='bbox 385 942 704 988; x_wconf 85' lang='lat' dir='ltr'>medicaminis</span> <span class='ocrx_word' id='word_1_96' title='bbox 742 950 827 1004; x_wconf 88' lang='lat' dir='ltr'>est,</span> <span class='ocrx_word' id='word_1_97' title='bbox 865 949 918 989; x_wconf 91' lang='lat' dir='ltr'>ut</span> <span class='ocrx_word' id='word_1_98' title='bbox 956 957 1056 988; x_wconf 91' lang='lat' dir='ltr'>eam</span> <span class='ocrx_word' id='word_1_99' title='bbox 1093 944 1184 988; x_wconf 90' lang='lat' dir='ltr'>nisi</span> <span class='ocrx_word' id='word_1_100' title='bbox 1222 941 1434 1002; x_wconf 84' lang='lat' dir='ltr'>alligatus</span> <span class='ocrx_word' id='word_1_101' title='bbox 1474 944 1709 1002; x_wconf 82' lang='lat' dir='ltr'>patienter</span> 
     </span>
     <span class='ocr_line' id='line_1_13' title="bbox 118 1012 1708 1074; baseline 0 -16"><span class='ocrx_word' id='word_1_102' title='bbox 118 1013 240 1059; x_wconf 81' lang='lat' dir='ltr'>ferre</span> <span class='ocrx_word' id='word_1_103' title='bbox 285 1026 378 1058; x_wconf 91' lang='lat' dir='ltr'>non</span> <span class='ocrx_word' id='word_1_104' title='bbox 422 1013 590 1074; x_wconf 83' lang='lat' dir='ltr'>possit3</span> <span class='ocrx_word' id='word_1_105' title='bbox 634 1013 768 1059; x_wconf 89' lang='lat' dir='ltr'>cuius</span> <span class='ocrx_word' id='word_1_106' title='bbox 806 1012 1086 1059; x_wconf 81' lang='lat' dir='ltr'>beneficium</span> <span class='ocrx_word' id='word_1_107' title='bbox 1123 1018 1217 1057; x_wconf 87' lang='lat' dir='ltr'>tam</span> <span class='ocrx_word' id='word_1_108' title='bbox 1256 1026 1479 1072; x_wconf 77' lang='lat' dir='ltr'>praesens</span> <span class='ocrx_word' id='word_1_109' title='bbox 1519 1018 1609 1073; x_wconf 89' lang='lat' dir='ltr'>est,</span> <span class='ocrx_word' id='word_1_110' title='bbox 1656 1018 1708 1058; x_wconf 90' lang='lat' dir='ltr'>ut</span> 
     </span>
     <span class='ocr_line' id='line_1_14' title="bbox 119 1081 1707 1128; baseline 0 -1"><span class='ocrx_word' id='word_1_111' title='bbox 119 1085 256 1128; x_wconf 90' lang='lat' dir='ltr'>tertio</span> <span class='ocrx_word' id='word_1_112' title='bbox 293 1081 366 1127; x_wconf 91' lang='lat' dir='ltr'>die</span> <span class='ocrx_word' id='word_1_113' title='bbox 404 1081 612 1128; x_wconf 88' lang='lat' dir='ltr'>abstersa</span> <span class='ocrx_word' id='word_1_114' title='bbox 649 1083 776 1128; x_wconf 91' lang='lat' dir='ltr'>omni</span> <span class='ocrx_word' id='word_1_115' title='bbox 811 1082 991 1128; x_wconf 88' lang='lat' dir='ltr'>macula</span> <span class='ocrx_word' id='word_1_116' title='bbox 1028 1082 1224 1128; x_wconf 86' lang='lat' dir='ltr'>mirifice</span> <span class='ocrx_word' id='word_1_117' title='bbox 1259 1083 1408 1127; x_wconf 91' lang='lat' dir='ltr'>visum</span> <span class='ocrx_word' id='word_1_118' title='bbox 1442 1081 1609 1128; x_wconf 88' lang='lat' dir='ltr'>reddat</span> <span class='ocrx_word' id='word_1_119' title='bbox 1638 1083 1707 1127; x_wconf 89' lang='lat' dir='ltr'>in·</span> 
     </span>
     <span class='ocr_line' id='line_1_15' title="bbox 117 1151 1788 1212; baseline 0.001 -15"><span class='ocrx_word' id='word_1_120' title='bbox 117 1151 358 1197; x_wconf 88' lang='lat' dir='ltr'>columem.</span> <span class='ocrx_word' id='word_1_121' title='bbox 430 1151 497 1197; x_wconf 90' lang='lat' dir='ltr'>Ad</span> <span class='ocrx_word' id='word_1_122' title='bbox 543 1153 807 1198; x_wconf 86' lang='lat' dir='ltr'>cicatricem</span> <span class='ocrx_word' id='word_1_123' title='bbox 852 1152 922 1198; x_wconf 91' lang='lat' dir='ltr'>vel</span> <span class='ocrx_word' id='word_1_124' title='bbox 966 1151 1210 1212; x_wconf 87' lang='lat' dir='ltr'>plumbum</span> <span class='ocrx_word' id='word_1_125' title='bbox 1256 1151 1602 1197; x_wconf 87' lang='lat' dir='ltr'>extenuandum</span> <span class='ocrx_word' id='word_1_126' title='bbox 1651 1158 1788 1198; x_wconf 85' lang='lat' dir='ltr'>et137</span> 
     </span>
     <span class='ocr_line' id='line_1_16' title="bbox 54 1220 1705 1282; baseline 0.001 -17"><span class='ocrx_word' id='word_1_127' title='bbox 54 1234 94 1265; x_wconf 84' lang='lat'>15</span> <span class='ocrx_word' id='word_1_128' title='bbox 117 1220 453 1281; x_wconf 84' lang='lat' dir='ltr'>aspritudinem</span> <span class='ocrx_word' id='word_1_129' title='bbox 483 1223 865 1282; x_wconf 87' lang='lat' dir='ltr'>pruriginemque</span> <span class='ocrx_word' id='word_1_130' title='bbox 893 1221 1132 1267; x_wconf 91' lang='lat' dir='ltr'>oculorum</span> <span class='ocrx_word' id='word_1_131' title='bbox 1165 1221 1453 1281; x_wconf 86' lang='lat' dir='ltr'>purgandam</span> <span class='ocrx_word' id='word_1_132' title='bbox 1493 1227 1538 1266; x_wconf 90' lang='lat' dir='ltr'>et</span> <span class='ocrx_word' id='word_1_133' title='bbox 1577 1235 1705 1267; x_wconf 88' lang='lat' dir='ltr'>umo-</span> 
     </span>
     <span class='ocr_line' id='line_1_17' title="bbox 117 1289 1706 1351; baseline 0 -15"><span class='ocrx_word' id='word_1_134' title='bbox 117 1305 214 1336; x_wconf 89' lang='lat' dir='ltr'>rem</span> <span class='ocrx_word' id='word_1_135' title='bbox 254 1290 523 1336; x_wconf 86' lang='lat' dir='ltr'>siccandum</span> <span class='ocrx_word' id='word_1_136' title='bbox 562 1296 608 1336; x_wconf 88' lang='lat' dir='ltr'>et</span> <span class='ocrx_word' id='word_1_137' title='bbox 637 1290 693 1336; x_wconf 88' lang='lat' dir='ltr'>ad</span> <span class='ocrx_word' id='word_1_138' title='bbox 724 1290 912 1337; x_wconf 87' lang='lat' dir='ltr'>scabras</span> <span class='ocrx_word' id='word_1_139' title='bbox 943 1305 994 1336; x_wconf 91' lang='lat' dir='ltr'>ac</span> <span class='ocrx_word' id='word_1_140' title='bbox 1035 1289 1245 1336; x_wconf 90' lang='lat' dir='ltr'>scabidas</span> <span class='ocrx_word' id='word_1_141' title='bbox 1283 1289 1529 1350; x_wconf 86' lang='lat' dir='ltr'>palpebras</span> <span class='ocrx_word' id='word_1_142' title='bbox 1567 1298 1706 1351; x_wconf 86' lang='lat' dir='ltr'>atque</span> 
     </span>
     <span class='ocr_line' id='line_1_18' title="bbox 116 1359 1704 1420; baseline 0.001 -15"><span class='ocrx_word' id='word_1_143' title='bbox 116 1359 202 1406; x_wconf 87' lang='lat' dir='ltr'>alia</span> <span class='ocrx_word' id='word_1_144' title='bbox 246 1359 490 1405; x_wconf 90' lang='lat' dir='ltr'>oculorum</span> <span class='ocrx_word' id='word_1_145' title='bbox 533 1361 642 1406; x_wconf 87' lang='lat' dir='ltr'>vitia</span> <span class='ocrx_word' id='word_1_146' title='bbox 681 1374 825 1406; x_wconf 92' lang='lat' dir='ltr'>unum</span> <span class='ocrx_word' id='word_1_147' title='bbox 863 1360 952 1406; x_wconf 87' lang='lat' dir='ltr'>hoc</span> <span class='ocrx_word' id='word_1_148' title='bbox 990 1360 1249 1406; x_wconf 90' lang='lat' dir='ltr'>remedium</span> <span class='ocrx_word' id='word_1_149' title='bbox 1293 1359 1362 1405; x_wconf 88' lang='lat' dir='ltr'>vel</span> <span class='ocrx_word' id='word_1_150' title='bbox 1398 1361 1704 1420; x_wconf 88' lang='lat' dir='ltr'>praecipuum</span> 
     </span>
     <span class='ocr_line' id='line_1_19' title="bbox 116 1428 1703 1490; baseline 0 -15"><span class='ocrx_word' id='word_1_151' title='bbox 116 1434 207 1475; x_wconf 88' lang='lat' dir='ltr'>est:</span> <span class='ocrx_word' id='word_1_152' title='bbox 279 1428 406 1474; x_wconf 89' lang='lat' dir='ltr'>Folia</span> <span class='ocrx_word' id='word_1_153' title='bbox 449 1429 657 1490; x_wconf 88' lang='lat' dir='ltr'>oleagina</span> <span class='ocrx_word' id='word_1_154' title='bbox 701 1430 1083 1476; x_wconf 86' lang='lat' dir='ltr'>commanducato</span> <span class='ocrx_word' id='word_1_155' title='bbox 1144 1429 1391 1489; x_wconf 83' lang='lat' dir='ltr'>diligenter</span> <span class='ocrx_word' id='word_1_156' title='bbox 1447 1443 1703 1490; x_wconf 92' lang='lat' dir='ltr'>eorumque</span> 
     </span>
     <span class='ocr_line' id='line_1_20' title="bbox 14 1498 1702 1560; baseline -0.001 -15"><span class='ocrx_word' id='word_1_157' title='bbox 14 1554 15 1558; x_wconf 10' lang='grc' dir='ltr'><strong>Ἰ</strong></span> <span class='ocrx_word' id='word_1_158' title='bbox 79 1513 249 1560; x_wconf 83' lang='lat' dir='ltr'>sucO,</span> <span class='ocrx_word' id='word_1_159' title='bbox 294 1513 431 1559; x_wconf 90' lang='lat' dir='ltr'>quem</span> <span class='ocrx_word' id='word_1_160' title='bbox 468 1500 516 1544; x_wconf 90' lang='lat' dir='ltr'>in</span> <span class='ocrx_word' id='word_1_161' title='bbox 554 1513 633 1545; x_wconf 92' lang='lat' dir='ltr'>ore</span> <span class='ocrx_word' id='word_1_162' title='bbox 672 1499 937 1560; x_wconf 89' lang='lat' dir='ltr'>collegeris,</span> <span class='ocrx_word' id='word_1_163' title='bbox 981 1499 1151 1545; x_wconf 88' lang='lat' dir='ltr'>cotidie</span> <span class='ocrx_word' id='word_1_164' title='bbox 1196 1500 1382 1544; x_wconf 92' lang='lat' dir='ltr'>ieiunus</span> <span class='ocrx_word' id='word_1_165' title='bbox 1427 1498 1589 1545; x_wconf 86' lang='lat' dir='ltr'>oculos</span> <span class='ocrx_word' id='word_1_166' title='bbox 1627 1498 1702 1544; x_wconf 88' lang='lat' dir='ltr'>ab·</span> 
     </span>
     <span class='ocr_line' id='line_1_21' title="bbox 3 1567 1704 1631; baseline 0.001 -18"><span class='ocrx_word' id='word_1_167' title='bbox 3 1619 5 1623; x_wconf 82' lang='lat'>.</span> <span class='ocrx_word' id='word_1_168' title='bbox 53 1580 94 1612; x_wconf 74' lang='lat'>80</span> <span class='ocrx_word' id='word_1_169' title='bbox 116 1567 279 1628; x_wconf 90' lang='lat' dir='ltr'>lingito</span> <span class='ocrx_word' id='word_1_170' title='bbox 310 1567 380 1614; x_wconf 89' lang='lat' dir='ltr'>vel</span> <span class='ocrx_word' id='word_1_171' title='bbox 410 1567 593 1614; x_wconf 91' lang='lat' dir='ltr'>inlinito</span> <span class='ocrx_word' id='word_1_172' title='bbox 623 1582 709 1628; x_wconf 86' lang='lat' dir='ltr'>per</span> <span class='ocrx_word' id='word_1_173' title='bbox 738 1568 955 1631; x_wconf 90' lang='lat' dir='ltr'>linguam,</span> <span class='ocrx_word' id='word_1_174' title='bbox 987 1568 1203 1614; x_wconf 89' lang='lat' dir='ltr'>celeriter</span> <span class='ocrx_word' id='word_1_175' title='bbox 1226 1569 1333 1614; x_wconf 90' lang='lat' dir='ltr'>vitia</span> <span class='ocrx_word' id='word_1_176' title='bbox 1359 1582 1499 1628; x_wconf 89' lang='lat' dir='ltr'>supra</span> <span class='ocrx_word' id='word_1_177' title='bbox 1532 1570 1704 1629; x_wconf 88' lang='lat' dir='ltr'>scripta</span> 
     </span>
     <span class='ocr_line' id='line_1_22' title="bbox 114 1636 1786 1699; baseline 0 -15"><span class='ocrx_word' id='word_1_178' title='bbox 114 1637 349 1684; x_wconf 89' lang='lat' dir='ltr'>discuties.</span> <span class='ocrx_word' id='word_1_179' title='bbox 407 1636 475 1683; x_wconf 88' lang='lat' dir='ltr'>Ex</span> <span class='ocrx_word' id='word_1_180' title='bbox 512 1637 814 1684; x_wconf 88' lang='lat' dir='ltr'>hirundinum</span> <span class='ocrx_word' id='word_1_181' title='bbox 846 1638 985 1699; x_wconf 92' lang='lat' dir='ltr'>pullis</span> <span class='ocrx_word' id='word_1_182' title='bbox 1027 1639 1078 1684; x_wconf 82' lang='lat' dir='ltr'>fit</span> <span class='ocrx_word' id='word_1_183' title='bbox 1115 1636 1477 1698; x_wconf 88' lang='lat' dir='ltr'>calliblepharon</span> <span class='ocrx_word' id='word_1_184' title='bbox 1508 1637 1786 1699; x_wconf 88' lang='lat' dir='ltr'>bonum,138</span> 
     </span>
     <span class='ocr_line' id='line_1_23' title="bbox 115 1707 1702 1769; baseline 0.001 -17"><span class='ocrx_word' id='word_1_185' title='bbox 115 1707 236 1768; x_wconf 91' lang='lat' dir='ltr'>quod</span> <span class='ocrx_word' id='word_1_186' title='bbox 281 1707 620 1767; x_wconf 87' lang='lat' dir='ltr'>aspritudinem</span> <span class='ocrx_word' id='word_1_187' title='bbox 663 1709 1045 1769; x_wconf 89' lang='lat' dir='ltr'>pruriginemque</span> <span class='ocrx_word' id='word_1_188' title='bbox 1091 1707 1335 1753; x_wconf 90' lang='lat' dir='ltr'>oculorum</span> <span class='ocrx_word' id='word_1_189' title='bbox 1372 1713 1589 1768; x_wconf 89' lang='lat' dir='ltr'>potenter</span> <span class='ocrx_word' id='word_1_190' title='bbox 1628 1722 1702 1754; x_wconf 85' lang='lat' dir='ltr'>ex-</span> 
     </span>
     <span class='ocr_line' id='line_1_24' title="bbox 114 1777 1702 1840; baseline 0.001 -18"><span class='ocrx_word' id='word_1_191' title='bbox 114 1782 281 1837; x_wconf 89' lang='lat' dir='ltr'>purgat</span> <span class='ocrx_word' id='word_1_192' title='bbox 318 1791 404 1822; x_wconf 93' lang='lat' dir='ltr'>nec</span> <span class='ocrx_word' id='word_1_193' title='bbox 434 1778 608 1836; x_wconf 86' lang='lat' dir='ltr'>patitur</span> <span class='ocrx_word' id='word_1_194' title='bbox 639 1778 887 1837; x_wconf 85' lang='lat' dir='ltr'>quicquam</span> <span class='ocrx_word' id='word_1_195' title='bbox 917 1779 965 1823; x_wconf 91' lang='lat' dir='ltr'>in</span> <span class='ocrx_word' id='word_1_196' title='bbox 997 1777 1069 1823; x_wconf 90' lang='lat' dir='ltr'>his</span> <span class='ocrx_word' id='word_1_197' title='bbox 1108 1777 1346 1823; x_wconf 89' lang='lat' dir='ltr'>molestiae</span> <span class='ocrx_word' id='word_1_198' title='bbox 1383 1791 1702 1840; x_wconf 89' lang='lat' dir='ltr'>concrescere,</span> 
     </span>
     <span class='ocr_line' id='line_1_25' title="bbox 115 1845 1702 1908; baseline 0 -16"><span class='ocrx_word' id='word_1_199' title='bbox 115 1845 296 1892; x_wconf 91' lang='lat' dir='ltr'>umidos</span> <span class='ocrx_word' id='word_1_200' title='bbox 327 1860 512 1906; x_wconf 89' lang='lat' dir='ltr'>quoque</span> <span class='ocrx_word' id='word_1_201' title='bbox 542 1846 816 1892; x_wconf 86' lang='lat' dir='ltr'>naturaliter</span> <span class='ocrx_word' id='word_1_202' title='bbox 846 1847 1004 1893; x_wconf 90' lang='lat' dir='ltr'>oculos</span> <span class='ocrx_word' id='word_1_203' title='bbox 1033 1849 1248 1908; x_wconf 84' lang='lat' dir='ltr'>exsiccat,</span> <span class='ocrx_word' id='word_1_204' title='bbox 1292 1846 1414 1907; x_wconf 92' lang='lat' dir='ltr'>quod</span> <span class='ocrx_word' id='word_1_205' title='bbox 1446 1847 1534 1893; x_wconf 92' lang='lat' dir='ltr'>hoc</span> <span class='ocrx_word' id='word_1_206' title='bbox 1565 1847 1702 1893; x_wconf 91' lang='lat' dir='ltr'>modo</span> 
     </span>
     <span class='ocr_line' id='line_1_26' title="bbox 2 1911 1702 1977; baseline 0.002 -19"><span class='ocrx_word' id='word_1_207' title='bbox 2 1911 20 1973; x_wconf 60' lang='grc' dir='ltr'>ζ’*</span> <span class='ocrx_word' id='word_1_208' title='bbox 52 1928 93 1959; x_wconf 76' lang='lat'>25</span> <span class='ocrx_word' id='word_1_209' title='bbox 115 1917 430 1975; x_wconf 87' lang='lat' dir='ltr'>componitur:</span> <span class='ocrx_word' id='word_1_210' title='bbox 462 1915 619 1976; x_wconf 87' lang='lat' dir='ltr'>Capita</span> <span class='ocrx_word' id='word_1_211' title='bbox 651 1915 883 1976; x_wconf 90' lang='lat' dir='ltr'>pullorum</span> <span class='ocrx_word' id='word_1_212' title='bbox 915 1931 1051 1977; x_wconf 89' lang='lat' dir='ltr'>quam</span> <span class='ocrx_word' id='word_1_213' title='bbox 1083 1916 1281 1977; x_wconf 87' lang='lat' dir='ltr'>plurima</span> <span class='ocrx_word' id='word_1_214' title='bbox 1311 1918 1418 1976; x_wconf 88' lang='lat' dir='ltr'>igne</span> <span class='ocrx_word' id='word_1_215' title='bbox 1442 1916 1702 1962; x_wconf 89' lang='lat' dir='ltr'>lentissimo</span> 
     </span>
     <span class='ocr_line' id='line_1_27' title="bbox 19 1984 1702 2047; baseline 0.001 -17"><span class='ocrx_word' id='word_1_216' title='bbox 19 1991 21 1996; x_wconf 77' lang='grc'>’</span> <span class='ocrx_word' id='word_1_217' title='bbox 113 1984 453 2031; x_wconf 89' lang='lat' dir='ltr'>comburuntur</span> <span class='ocrx_word' id='word_1_218' title='bbox 497 1990 544 2031; x_wconf 89' lang='lat' dir='ltr'>et</span> <span class='ocrx_word' id='word_1_219' title='bbox 585 1986 694 2031; x_wconf 86' lang='lat' dir='ltr'>trita</span> <span class='ocrx_word' id='word_1_220' title='bbox 740 1987 786 2031; x_wconf 92' lang='lat' dir='ltr'>in</span> <span class='ocrx_word' id='word_1_221' title='bbox 830 1985 1069 2046; x_wconf 89' lang='lat' dir='ltr'>pulverem</span> <span class='ocrx_word' id='word_1_222' title='bbox 1114 1987 1441 2032; x_wconf 89' lang='lat' dir='ltr'>tenuissimum</span> <span class='ocrx_word' id='word_1_223' title='bbox 1483 1986 1702 2047; x_wconf 89' lang='lat' dir='ltr'>redigun-</span> 
     </span>
     <span class='ocr_line' id='line_1_28' title="bbox 112 2054 1700 2117; baseline 0.001 -17"><span class='ocrx_word' id='word_1_224' title='bbox 112 2060 203 2117; x_wconf 90' lang='lat' dir='ltr'>tur,</span> <span class='ocrx_word' id='word_1_225' title='bbox 233 2068 350 2114; x_wconf 88' lang='lat' dir='ltr'>quae</span> <span class='ocrx_word' id='word_1_226' title='bbox 381 2054 582 2101; x_wconf 88' lang='lat' dir='ltr'>admixta</span> <span class='ocrx_word' id='word_1_227' title='bbox 610 2056 792 2101; x_wconf 86' lang='lat' dir='ltr'>recenti</span> <span class='ocrx_word' id='word_1_228' title='bbox 821 2055 954 2116; x_wconf 90' lang='lat' dir='ltr'>adipe</span> <span class='ocrx_word' id='word_1_229' title='bbox 986 2055 1179 2116; x_wconf 87' lang='lat' dir='ltr'>gallinae</span> <span class='ocrx_word' id='word_1_230' title='bbox 1210 2056 1471 2102; x_wconf 90' lang='lat' dir='ltr'>inunctioni</span> <span class='ocrx_word' id='word_1_231' title='bbox 1502 2058 1700 2102; x_wconf 90' lang='lat' dir='ltr'>maxime</span> 
     </span>
     <span class='ocr_line' id='line_1_29' title="bbox 112 2124 1784 2186; baseline 0.001 -16"><span class='ocrx_word' id='word_1_232' title='bbox 112 2130 319 2184; x_wconf 87' lang='lat' dir='ltr'>prosunt.</span> <span class='ocrx_word' id='word_1_233' title='bbox 387 2124 528 2170; x_wconf 90' lang='lat' dir='ltr'>Intibi</span> <span class='ocrx_word' id='word_1_234' title='bbox 564 2126 749 2186; x_wconf 92' lang='lat' dir='ltr'>rustici,</span> <span class='ocrx_word' id='word_1_235' title='bbox 795 2124 851 2170; x_wconf 94' lang='lat' dir='ltr'>de</span> <span class='ocrx_word' id='word_1_236' title='bbox 890 2139 980 2185; x_wconf 91' lang='lat' dir='ltr'>quo</span> <span class='ocrx_word' id='word_1_237' title='bbox 1019 2131 1277 2171; x_wconf 87' lang='lat' dir='ltr'>nascuntur</span> <span class='ocrx_word' id='word_1_238' title='bbox 1314 2125 1532 2171; x_wconf 88' lang='lat' dir='ltr'>cauliculi</span> <span class='ocrx_word' id='word_1_239' title='bbox 1571 2134 1784 2171; x_wconf 85' lang='lat' dir='ltr'>com-139</span> 
     </span>
     <span class='ocr_line' id='line_1_30' title="bbox 112 2192 1699 2255; baseline 0.001 -16"><span class='ocrx_word' id='word_1_240' title='bbox 112 2192 284 2255; x_wconf 91' lang='lat' dir='ltr'>plures,</span> <span class='ocrx_word' id='word_1_241' title='bbox 321 2195 510 2240; x_wconf 85' lang='lat' dir='ltr'>contriti</span> <span class='ocrx_word' id='word_1_242' title='bbox 547 2208 687 2241; x_wconf 88' lang='lat' dir='ltr'>sucus</span> <span class='ocrx_word' id='word_1_243' title='bbox 724 2195 773 2240; x_wconf 92' lang='lat' dir='ltr'>in</span> <span class='ocrx_word' id='word_1_244' title='bbox 815 2194 1002 2241; x_wconf 90' lang='lat' dir='ltr'>oculum</span> <span class='ocrx_word' id='word_1_245' title='bbox 1038 2193 1289 2240; x_wconf 89' lang='lat' dir='ltr'>instillatus</span> <span class='ocrx_word' id='word_1_246' title='bbox 1327 2195 1544 2240; x_wconf 90' lang='lat' dir='ltr'>celeriter</span> <span class='ocrx_word' id='word_1_247' title='bbox 1582 2196 1699 2241; x_wconf 90' lang='lat' dir='ltr'>cica-</span> 
     </span>
     <span class='ocr_line' id='line_1_31' title="bbox 7 2262 1783 2324; baseline 0.001 -17"><span class='ocrx_word' id='word_1_248' title='bbox 7 2275 92 2323; x_wconf 77' lang='lat'>:⁸⁰</span> <span class='ocrx_word' id='word_1_249' title='bbox 113 2264 254 2310; x_wconf 92' lang='lat' dir='ltr'>trices</span> <span class='ocrx_word' id='word_1_250' title='bbox 284 2269 330 2309; x_wconf 92' lang='lat' dir='ltr'>et</span> <span class='ocrx_word' id='word_1_251' title='bbox 359 2262 599 2323; x_wconf 90' lang='lat' dir='ltr'>plumbum</span> <span class='ocrx_word' id='word_1_252' title='bbox 630 2263 873 2310; x_wconf 90' lang='lat' dir='ltr'>oculorum</span> <span class='ocrx_word' id='word_1_253' title='bbox 904 2266 1077 2310; x_wconf 86' lang='lat' dir='ltr'>eximit.</span> <span class='ocrx_word' id='word_1_254' title='bbox 1133 2263 1281 2324; x_wconf 89' lang='lat' dir='ltr'>Caput</span> <span class='ocrx_word' id='word_1_255' title='bbox 1311 2264 1538 2310; x_wconf 89' lang='lat' dir='ltr'>stellionis</span> <span class='ocrx_word' id='word_1_256' title='bbox 1569 2279 1691 2311; x_wconf 91' lang='lat' dir='ltr'>com·</span> <span class='ocrx_word' id='word_1_257' title='bbox 1705 2273 1783 2310; x_wconf 89' lang='lat'>140</span> 
     </span>
     <span class='ocr_line' id='line_1_32' title="bbox 24 2326 1698 2380; baseline 0.001 -2"><span class='ocrx_word' id='word_1_258' title='bbox 24 2326 25 2337; x_wconf 54' lang='lat'>¹</span> <span class='ocrx_word' id='word_1_259' title='bbox 113 2330 303 2379; x_wconf 90' lang='lat' dir='ltr'>bustum</span> <span class='ocrx_word' id='word_1_260' title='bbox 339 2339 385 2379; x_wconf 90' lang='lat' dir='ltr'>et</span> <span class='ocrx_word' id='word_1_261' title='bbox 420 2335 584 2380; x_wconf 91' lang='lat' dir='ltr'>tritum</span> <span class='ocrx_word' id='word_1_262' title='bbox 630 2339 676 2380; x_wconf 88' lang='lat' dir='ltr'>et</span> <span class='ocrx_word' id='word_1_263' title='bbox 720 2333 847 2379; x_wconf 91' lang='lat' dir='ltr'>melli</span> <span class='ocrx_word' id='word_1_264' title='bbox 883 2334 1035 2380; x_wconf 86' lang='lat' dir='ltr'>Attico</span> <span class='ocrx_word' id='word_1_265' title='bbox 1074 2333 1329 2379; x_wconf 89' lang='lat' dir='ltr'>admixtum</span> <span class='ocrx_word' id='word_1_266' title='bbox 1367 2333 1527 2379; x_wconf 89' lang='lat' dir='ltr'>oculos</span> <span class='ocrx_word' id='word_1_267' title='bbox 1564 2333 1698 2380; x_wconf 88' lang='lat' dir='ltr'>lacri-</span> 
     </span>
     <span class='ocr_line' id='line_1_33' title="bbox 114 2402 1780 2450; baseline 0.001 -2"><span class='ocrx_word' id='word_1_268' title='bbox 114 2415 266 2448; x_wconf 89' lang='lat' dir='ltr'>mosos</span> <span class='ocrx_word' id='word_1_269' title='bbox 294 2403 564 2449; x_wconf 91' lang='lat' dir='ltr'>inunctione</span> <span class='ocrx_word' id='word_1_270' title='bbox 592 2403 783 2450; x_wconf 89' lang='lat' dir='ltr'>adsidua</span> <span class='ocrx_word' id='word_1_271' title='bbox 807 2405 951 2450; x_wconf 89' lang='lat' dir='ltr'>siccat</span> <span class='ocrx_word' id='word_1_272' title='bbox 974 2409 1021 2449; x_wconf 88' lang='lat' dir='ltr'>et</span> <span class='ocrx_word' id='word_1_273' title='bbox 1045 2409 1186 2450; x_wconf 87' lang='lat' dir='ltr'>sanat.</span> <span class='ocrx_word' id='word_1_274' title='bbox 1239 2402 1480 2449; x_wconf 90' lang='lat' dir='ltr'>Pulmonis</span> <span class='ocrx_word' id='word_1_275' title='bbox 1504 2403 1780 2450; x_wconf 87' lang='lat' dir='ltr'>haedini141</span> 
     </span>
     <span class='ocr_line' id='line_1_34' title="bbox 114 2471 1696 2534; baseline 0.001 -17"><span class='ocrx_word' id='word_1_276' title='bbox 114 2471 344 2518; x_wconf 85' lang='lat' dir='ltr'>combusti</span> <span class='ocrx_word' id='word_1_277' title='bbox 373 2474 489 2518; x_wconf 92' lang='lat' dir='ltr'>cinis</span> <span class='ocrx_word' id='word_1_278' title='bbox 518 2475 784 2534; x_wconf 87' lang='lat' dir='ltr'>prurigines</span> <span class='ocrx_word' id='word_1_279' title='bbox 815 2472 1055 2519; x_wconf 90' lang='lat' dir='ltr'>oculorum</span> <span class='ocrx_word' id='word_1_280' title='bbox 1087 2473 1278 2519; x_wconf 88' lang='lat' dir='ltr'>discutit</span> <span class='ocrx_word' id='word_1_281' title='bbox 1309 2478 1355 2519; x_wconf 85' lang='lat' dir='ltr'>et</span> <span class='ocrx_word' id='word_1_282' title='bbox 1386 2472 1573 2519; x_wconf 88' lang='lat' dir='ltr'>scabras</span> <span class='ocrx_word' id='word_1_283' title='bbox 1603 2473 1696 2534; x_wconf 84' lang='lat' dir='ltr'>pal—</span> 
     </span>
     <span class='ocr_line' id='line_1_35' title="bbox 112 2539 1779 2603; baseline 0.001 -17"><span class='ocrx_word' id='word_1_284' title='bbox 112 2539 280 2601; x_wconf 88' lang='lat' dir='ltr'>pebras</span> <span class='ocrx_word' id='word_1_285' title='bbox 316 2543 541 2603; x_wconf 90' lang='lat' dir='ltr'>emendat,</span> <span class='ocrx_word' id='word_1_286' title='bbox 580 2545 619 2589; x_wconf 89' lang='lat' dir='ltr'>si</span> <span class='ocrx_word' id='word_1_287' title='bbox 657 2545 790 2603; x_wconf 91' lang='lat' dir='ltr'>quasi</span> <span class='ocrx_word' id='word_1_288' title='bbox 828 2543 1020 2589; x_wconf 89' lang='lat' dir='ltr'>stibium</span> <span class='ocrx_word' id='word_1_289' title='bbox 1058 2544 1321 2603; x_wconf 87' lang='lat' dir='ltr'>inponatur.</span> <span class='ocrx_word' id='word_1_290' title='bbox 1381 2542 1504 2588; x_wconf 87' lang='lat' dir='ltr'>Felle</span> <span class='ocrx_word' id='word_1_291' title='bbox 1536 2542 1779 2589; x_wconf 82' lang='lat' dir='ltr'>catelli142</span> 
     </span>
     <span class='ocr_line' id='line_1_36' title="bbox 28 2609 1694 2672; baseline 0.003 -18"><span class='ocrx_word' id='word_1_292' title='bbox 28 2622 92 2654; x_wconf 75' lang='lat'>35</span> <span class='ocrx_word' id='word_1_293' title='bbox 114 2609 294 2656; x_wconf 89' lang='lat' dir='ltr'>dierum</span> <span class='ocrx_word' id='word_1_294' title='bbox 338 2617 515 2672; x_wconf 89' lang='lat' dir='ltr'>septem</span> <span class='ocrx_word' id='word_1_295' title='bbox 559 2612 682 2659; x_wconf 87' lang='lat' dir='ltr'>oculi</span> <span class='ocrx_word' id='word_1_296' title='bbox 725 2626 781 2658; x_wconf 90' lang='lat' dir='ltr'>ex</span> <span class='ocrx_word' id='word_1_297' title='bbox 826 2612 961 2659; x_wconf 91' lang='lat' dir='ltr'>melle</span> <span class='ocrx_word' id='word_1_298' title='bbox 1006 2614 1187 2658; x_wconf 89' lang='lat' dir='ltr'>inuncti</span> <span class='ocrx_word' id='word_1_299' title='bbox 1229 2613 1322 2658; x_wconf 90' lang='lat' dir='ltr'>cito</span> <span class='ocrx_word' id='word_1_300' title='bbox 1367 2626 1392 2658; x_wconf 91' lang='lat' dir='ltr'>a</span> <span class='ocrx_word' id='word_1_301' title='bbox 1437 2612 1694 2659; x_wconf 90' lang='lat' dir='ltr'>leucomate</span> 
     </span>
    </p>
   </div>
   <div class='ocr_carea' id='block_1_3' title="bbox 224 2757 1693 2872">
    <p class='ocr_par' dir='ltr' id='par_1_3' title="bbox 224 2757 1693 2872">
     <span class='ocr_line' id='line_1_37' title="bbox 224 2757 1693 2814; baseline 0.003 -16"><span class='ocrx_word' id='word_1_302' title='bbox 224 2761 274 2798; x_wconf 85' lang='lat'>21</span> <span class='ocrx_word' id='word_1_303' title='bbox 294 2757 658 2812; x_wconf 83' lang='lat' dir='ltr'>calliblepharion</span> <span class='ocrx_word' id='word_1_304' title='bbox 669 2759 916 2803; x_wconf 74' lang='lat' dir='ltr'>Cornarius.</span> <span class='ocrx_word' id='word_1_305' title='bbox 947 2765 1000 2802; x_wconf 79' lang='grc'>28</span> <span class='ocrx_word' id='word_1_306' title='bbox 1014 2759 1236 2814; x_wconf 80' lang='lat' dir='ltr'>cauliculi]</span> <span class='ocrx_word' id='word_1_307' title='bbox 1254 2760 1428 2802; x_wconf 74' lang='lat' dir='ltr'>articuli</span> <span class='ocrx_word' id='word_1_308' title='bbox 1436 2760 1693 2814; x_wconf 77' lang='lat' dir='ltr'>Stephanus.</span> 
     </span>
     <span class='ocr_line' id='line_1_38' title="bbox 1387 2830 1443 2872; baseline 0 -17"><span class='ocrx_word' id='word_1_309' title='bbox 1387 2835 1410 2872; x_wconf 82' lang='grc'><strong>6</strong></span> <span class='ocrx_word' id='word_1_310' title='bbox 1420 2830 1443 2855; x_wconf 61' lang='lat' dir='ltr'>’l‘</span> 
     </span>
    </p>
   </div>
  </div>
 </body>
</html>
