1930 3008
792 122 850 129 —-
927 93 1167 144 284—

97 231 150 267 64
321 219 504 267 Herhae
557 221 902 283 quinquefoliae
951 221 1083 268 radix
1126 223 1174 267 in
1219 220 1385 268 umbra
1429 222 1630 268 arefacta
1667 235 1774 268 con-

179 296 378 351 tusaque
423 295 470 336 et
513 305 569 337 ex
613 292 720 337 vino
763 291 978 352 polentae
1023 292 1124 337 vice
1161 296 1269 352 pota
1306 292 1423 337 mire
1461 291 1634 352 cyliaco
1673 305 1776 338 suc-

96 368 148 406 65
181 360 344 420 currit,
374 359 455 406 sed
485 359 770 407 febricitanti
799 375 855 406 ex
887 374 1004 421 aqua
1032 359 1178 406 calida
1202 361 1257 407 da
1281 359 1549 407 bibendum.
1600 360 1775 422 Caprae

180 428 415 475 silvaticae
459 431 591 476 iecur
632 429 915 476 carbonibus
951 431 1207 476 inassatum
1245 435 1291 476 et
1327 444 1413 490 per
1449 444 1499 476 se
1538 436 1777 491 sumptum

181 497 381 560 cyliacos
411 499 638 545 remediat
667 499 884 560 idemque
915 499 1171 546 arefactum
1201 505 1248 546 et
1278 501 1440 546 tritum
1471 505 1518 545 et
1541 514 1647 546 cum
1669 500 1776 546 vino
1800 509 1821 542 5

97 579 150 616 66
180 569 314 629 potui
351 568 509 615 datum
548 570 808 614 certissime
847 568 1158 615 auxiliabitur.
1225 568 1398 615 Caseus
1435 570 1591 615 siccus
1627 574 1778 615 trans-

180 639 391 683 marinus
428 643 643 684 vetustus
681 638 861 684 adiecto
901 638 975 684 sili
1005 637 1178 684 Gallico
1218 645 1265 685 et
1302 637 1455 685 sorb1s
1493 638 1637 684 aridis
1675 637 1776 684 dili-

182 713 347 768 genter
384 706 601 753 omnibus
638 708 763 754 tritis
801 714 848 754 et
886 722 993 754 cum
1031 709 1125 754 vini
1162 709 1334 754 veteris
1366 709 1568 754 austeris
1599 707 1778 769 cyathis

97 786 149 824 67
181 775 363 823 duobus
407 778 542 837 potui
586 777 721 824 datus
759 777 958 838 cyliacos
995 778 1112 823 mire
1151 784 1295 824 sanat.
1360 777 1504 824 Vituli
1541 777 1683 838 adeps
1722 791 1778 823 ex

182 846 354 892 femina
399 845 579 892 sublata
625 861 732 892 cum
778 861 923 907 aquae
969 846 1132 908 cotylis
1176 847 1329 893 trihus
1367 847 1559 894 decocta
1598 854 1644 893 et
1682 859 1778 893 sor·
1802 857 1843 888 10

182 915 375 962 bitionis
410 930 541 961 more
581 921 765 976 sumpta
803 916 976 977 cyliaco
1014 916 1270 977 plurimum
1307 917 1512 978 prodest.

98 995 151 1032 68
325 984 508 1046 Cyliaco
554 991 601 1031 et
645 987 708 1047 ei,
756 987 837 1047 qui
881 985 1190 1032 eiectionibus
1238 986 1307 1032 vel
1353 985 1593 1032 doloribus
1631 987 1780 1032 acutis

183 1053 272 1101 alvi
323 1056 464 1100 variis
515 1054 786 1117 vexabitur,
848 1061 1066 1115 potenter
1118 1069 1395 1117 succurres,
1455 1057 1495 1101 si
1552 1053 1780 1101 muliebre

182 1124 252 1171 136
298 1138 435 1185 quam
480 1123 736 1184 plurimum
781 1126 939 1170 ieiuno
984 1126 1117 1186 potui
1167 1124 1374 1188 dederis,
1426 1125 1573 1171 donec
1622 1138 1779 1185 persa-

99 1203 150 1240 69
184 1199 338 1240 netur.
410 1192 672 1239 Haedinum
724 1193 970 1254 coagulum
1022 1194 1341 1254 magnitudine
1392 1193 1523 1240 fabae
1574 1194 1623 1239 in
1674 1195 1780 1240 vino
1804 1204 1845 1236 15

183 1269 363 1324 myrteo
402 1264 653 1309 remissum
700 1269 747 1309 et
787 1265 944 1310 ieiuno
991 1263 1164 1324 cyliaco
1208 1266 1343 1325 potui
1387 1263 1545 1310 datum
1583 1263 1780 1311 efficaci-

183 1339 257 1379 ter
292 1331 498 1393 prodest.

100 1412 151 1449 70
323 1401 607 1464 Membrana,
647 1416 765 1463 quae
804 1409 875 1449 est
911 1404 959 1448 in
997 1402 1259 1449 ventriculo
1290 1402 1499 1466 gallinae,
1530 1404 1702 1450 siccata
1735 1410 1782 1450 et

183 1472 293 1518 trita
332 1477 378 1517 et
415 1486 522 1518 cum
562 1473 667 1517 vino
706 1477 894 1518 austero
933 1471 1106 1533 cyliaco
1145 1473 1302 1518 ieiuno
1332 1474 1466 1532 potui
1495 1472 1599 1519 data
1629 1473 1781 1520 mede-

183 1547 277 1604 tur,
313 1542 378 1587 ita
415 1547 468 1587 ut
504 1542 606 1601 ipsa
642 1541 810 1601 gallina
846 1542 979 1602 prius
1015 1541 1087 1587 vel
1124 1540 1266 1587 biduo
1297 1541 1588 1588 abstineatur
1617 1557 1642 1589 a
1672 1541 1777 1589 cibo
1804 1552 1847 1583 20

185 1618 231 1658 et
275 1612 357 1672 qui
401 1612 640 1671 potionem
684 1616 964 1671 accepturus
1010 1617 1104 1668 est,
1149 1618 1254 1657 ante
1301 1611 1424 1657 diem
1466 1611 1600 1672 fruge
1638 1614 1699 1658 sit
1736 1618 1783 1658 et

102 1690 152 1727 71
185 1695 279 1726 non
318 1687 466 1727 cenet.
530 1679 625 1726 Ova
662 1681 710 1726 in
749 1686 880 1726 aceto
919 1695 1026 1726 cum
1063 1682 1198 1726 testis
1229 1682 1326 1727 suis
1355 1687 1586 1727 macerata
1617 1687 1662 1728 et
1692 1681 1780 1727 alio

185 1750 260 1796 die
297 1751 346 1796 in
383 1749 599 1811 patellam
636 1750 790 1796 infusa
827 1749 987 1811 ibique
1024 1755 1193 1796 tostata
1233 1750 1417 1811 cyliacis
1454 1752 1504 1796 in
1542 1750 1646 1797 cibo
1677 1751 1781 1797 data

184 1819 438 1881 plurimum
476 1826 688 1879 prosunt.

102 1899 153 1936 72
324 1888 557 1935 Pulticula
580 1889 632 1935 fit
655 1903 711 1935 ex
734 1888 850 1935 alica
872 1890 1005 1950 prius
1028 1895 1197 1935 tostata
1222 1904 1358 1950 quam
1382 1891 1578 1951 accipiat
1594 1903 1781 1953 aquam3
1804 1899 1846 1930 25

185 1959 338 2005 infusa
383 1973 493 2005 vero
539 1973 657 2019 aqua
703 1973 810 2005 cera
855 1960 1048 2005 remissa
1092 1959 1188 2005 illic
1234 1961 1435 2005 mittitur
1473 1965 1520 2006 et
1557 1959 1667 2005 dum
1706 1974 1781 2006 ex-

103 2038 153 2076 73
186 2029 347 2088 coquit
384 2030 643 2088 coagitatur
680 2034 727 2074 et
764 2043 789 2074 a
820 2028 993 2090 cyliaco
1025 2028 1169 2075 calida
1202 2028 1433 2075 sorbetur.
1493 2028 1618 2074 Galla
1649 2028 1780 2074 Com-

185 2111 379 2158 magena
424 2097 717 2144 comburitur
763 2104 810 2144 et
854 2099 971 2144 cinis
1024 2100 1125 2144 eius
1178 2099 1465 2158 extinguitur
1514 2099 1620 2143 vino
1674 2111 1780 2143 con-

104 2176 157 2214 74
187 2169 423 2228 tritusque
467 2168 622 2213 ventri
667 2167 828 2228 cyliaci
880 2167 1114 2228 inlinitur,
1166 2169 1321 2213 statim
1371 2166 1599 2213 subvenit.
1671 2165 1779 2212 Flos

186 2236 388 2283 hederae
425 2236 579 2283 tribus
617 2236 774 2297 digitis
814 2244 1027 2298 sumptus
1062 2237 1308 2297 diligenter
1338 2238 1478 2282 tritus
1508 2243 1554 2282 et
1584 2250 1640 2281 ex
1672 2237 1777 2282 vino
1801 2246 1844 2277 30

104 2315 155 2353 75
187 2312 375 2352 austero
421 2305 594 2367 cyliaco
632 2308 766 2367 potui
802 2307 938 2353 datus
975 2306 1202 2353 medetur.
1271 2305 1438 2352 Sevum
1477 2304 1664 2351 ovillum
1702 2305 1778 2352 de-

187 2382 373 2422 coctum
416 2377 466 2421 in
509 2377 617 2422 vino
662 2382 848 2423 austero
895 2382 941 2422 et
986 2376 1184 2422 calidum
1227 2376 1360 2436 potui
1404 2374 1575 2436 cyliaco
1620 2374 1778 2422 datum

185 2445 433 2491 manifesto
470 2446 677 2491 remedio
717 2447 820 2492 erit.

103 2525 155 2562 76
327 2514 486 2561 Laridi
522 2516 694 2561 veteris
730 2516 919 2575 pinguis
961 2541 1019 2547 —
1054 2513 1137 2575 III,
1181 2512 1331 2559 mellis
1369 2512 1480 2558 honi
1517 2512 1780 2574 despumati

189 2584 476 2647 tantundem,
507 2586 604 2630 vini
632 2586 804 2631 veteris
835 2585 1012 2631 austeri
1041 2583 1229 2645 cyathos
1259 2588 1370 2643 tres,
1402 2596 1594 2629 ovorum
1625 2588 1775 2629 cocto·
1801 2593 1844 2624 35

325 2735 353 2771 4
381 2731 510 2772 iecor.
628 2736 680 2773 10
711 2730 868 2774 cotilis.
986 2734 1037 2772 25
1070 2729 1321 2782 exquoquit.
1436 2734 1490 2772 30
1520 2730 1719 2772 haedere.
