<?xml version="1.0" encoding="UTF-8"?>
<!DOCTYPE html PUBLIC "-//W3C//DTD XHTML 1.0 Transitional//EN"
    "http://www.w3.org/TR/xhtml1/DTD/xhtml1-transitional.dtd">
<html xmlns="http://www.w3.org/1999/xhtml" xml:lang="en" lang="en">
 <head>
  <title>
</title>
<meta http-equiv="Content-Type" content="text/html;charset=utf-8" />
  <meta name='ocr-system' content='tesseract 3.04.00' />
  <meta name='ocr-capabilities' content='ocr_page ocr_carea ocr_par ocr_line ocrx_word'/>
</head>
<body>
  <div class='ocr_page' id='page_1' title='image "./demedicamentisli00marcuoft_0140.png"; bbox 0 0 1898 3016; ppageno 0'>
   <div class='ocr_carea' id='block_1_1' title="bbox 759 105 1205 175">
    <p class='ocr_par' dir='ltr' id='par_1_1' title="bbox 759 105 1205 175">
     <span class='ocr_line' id='line_1_1' title="bbox 759 105 1205 175; baseline 0.011 -3"><span class='ocrx_word' id='word_1_1' title='bbox 759 105 1205 175; x_wconf 63' lang='lat'>-128-&#39;</span> 
     </span>
    </p>
   </div>
   <div class='ocr_carea' id='block_1_2' title="bbox 78 250 1817 2613">
    <p class='ocr_par' dir='ltr' id='par_1_2' title="bbox 149 250 1746 383">
     <span class='ocr_line' id='line_1_2' title="bbox 150 250 1746 314; baseline 0.001 -16"><span class='ocrx_word' id='word_1_2' title='bbox 150 253 262 298; x_wconf 87' lang='lat' dir='ltr'>facit</span> <span class='ocrx_word' id='word_1_3' title='bbox 307 250 472 297; x_wconf 88' lang='lat' dir='ltr'>dentes</span> <span class='ocrx_word' id='word_1_4' title='bbox 517 257 564 297; x_wconf 91' lang='lat' dir='ltr'>et</span> <span class='ocrx_word' id='word_1_5' title='bbox 611 252 868 298; x_wconf 87' lang='lat' dir='ltr'>confirmat.</span> <span class='ocrx_word' id='word_1_6' title='bbox 939 252 1197 314; x_wconf 84' lang='lat' dir='ltr'><strong>Augustam</strong></span> <span class='ocrx_word' id='word_1_7' title='bbox 1251 259 1434 300; x_wconf 87' lang='lat' dir='ltr'>constat</span> <span class='ocrx_word' id='word_1_8' title='bbox 1476 253 1565 299; x_wconf 93' lang='lat' dir='ltr'>hoc</span> <span class='ocrx_word' id='word_1_9' title='bbox 1615 267 1746 300; x_wconf 90' lang='lat' dir='ltr'>usam</span> 
     </span>
     <span class='ocr_line' id='line_1_3' title="bbox 149 320 1745 383; baseline 0.003 -17"><span class='ocrx_word' id='word_1_10' title='bbox 149 320 458 383; x_wconf 80' lang='lat' dir='ltr'>Messalinam,</span> <span class='ocrx_word' id='word_1_11' title='bbox 482 320 649 367; x_wconf 90' lang='lat' dir='ltr'>deinde</span> <span class='ocrx_word' id='word_1_12' title='bbox 674 320 870 368; x_wconf 90' lang='lat' dir='ltr'>aliorum</span> <span class='ocrx_word' id='word_1_13' title='bbox 892 321 1143 369; x_wconf 85' lang='lat' dir='ltr'>Caesarum</span> <span class='ocrx_word' id='word_1_14' title='bbox 1165 324 1460 369; x_wconf 88' lang='lat' dir='ltr'>matrimonia</span> <span class='ocrx_word' id='word_1_15' title='bbox 1482 322 1572 370; x_wconf 93' lang='lat' dir='ltr'>hoc</span> <span class='ocrx_word' id='word_1_16' title='bbox 1596 323 1745 370; x_wconf 54' lang='lat' dir='ltr'>denti*</span> 
     </span>
    </p>

    <p class='ocr_par' dir='ltr' id='par_1_3' title="bbox 95 389 1789 661">
     <span class='ocr_line' id='line_1_4' title="bbox 95 389 1747 440; baseline 0.001 -3"><span class='ocrx_word' id='word_1_17' title='bbox 95 400 120 438; x_wconf 83' lang='lat'>5</span> <span class='ocrx_word' id='word_1_18' title='bbox 151 391 287 437; x_wconf 90' lang='lat' dir='ltr'>fricio</span> <span class='ocrx_word' id='word_1_19' title='bbox 325 404 408 437; x_wconf 92' lang='lat' dir='ltr'>usa</span> <span class='ocrx_word' id='word_1_20' title='bbox 446 395 569 437; x_wconf 89' lang='lat' dir='ltr'>sunt.</span> <span class='ocrx_word' id='word_1_21' title='bbox 629 389 869 437; x_wconf 87' lang='lat' dir='ltr'>Cornuum</span> <span class='ocrx_word' id='word_1_22' title='bbox 906 393 1202 439; x_wconf 87' lang='lat' dir='ltr'>cervinorum</span> <span class='ocrx_word' id='word_1_23' title='bbox 1238 398 1452 440; x_wconf 90' lang='lat' dir='ltr'>ustorum</span> <span class='ocrx_word' id='word_1_24' title='bbox 1487 394 1536 438; x_wconf 91' lang='lat' dir='ltr'>in</span> <span class='ocrx_word' id='word_1_25' title='bbox 1574 391 1662 439; x_wconf 92' lang='lat' dir='ltr'>olla</span> <span class='ocrx_word' id='word_1_26' title='bbox 1700 399 1747 439; x_wconf 90' lang='lat' dir='ltr'>et</span> 
     </span>
     <span class='ocr_line' id='line_1_5' title="bbox 151 458 1746 524; baseline 0.001 -17"><span class='ocrx_word' id='word_1_27' title='bbox 151 460 207 507; x_wconf 86' lang='lat' dir='ltr'>ad</span> <span class='ocrx_word' id='word_1_28' title='bbox 246 461 452 507; x_wconf 89' lang='lat' dir='ltr'>cinerem</span> <span class='ocrx_word' id='word_1_29' title='bbox 489 460 789 506; x_wconf 89' lang='lat' dir='ltr'>redactorum</span> <span class='ocrx_word' id='word_1_30' title='bbox 829 458 878 507; x_wconf 61' lang='grc' dir='ltr'>δ*</span> <span class='ocrx_word' id='word_1_31' title='bbox 908 460 949 524; x_wconf 90' lang='lat' dir='ltr'>I,</span> <span class='ocrx_word' id='word_1_32' title='bbox 991 464 1198 508; x_wconf 83' lang='lat' dir='ltr'>masticis</span> <span class='ocrx_word' id='word_1_33' title='bbox 1236 461 1375 509; x_wconf 85' lang='lat' dir='ltr'>Chiae</span> <span class='ocrx_word' id='word_1_34' title='bbox 1413 462 1453 508; x_wconf 76' lang='lat' dir='ltr'>X</span> <span class='ocrx_word' id='word_1_35' title='bbox 1484 461 1598 524; x_wconf 85' lang='lat' dir='ltr'>VIII,</span> <span class='ocrx_word' id='word_1_36' title='bbox 1638 462 1746 509; x_wconf 91' lang='lat' dir='ltr'>salis</span> 
     </span>
     <span class='ocr_line' id='line_1_6' title="bbox 151 529 1789 592; baseline 0.001 -16"><span class='ocrx_word' id='word_1_37' title='bbox 151 531 428 577; x_wconf 85' lang='lat' dir='ltr'>ammoniaci</span> <span class='ocrx_word' id='word_1_38' title='bbox 458 531 766 592; x_wconf 82' lang='lat' dir='ltr'>semunciam3</span> <span class='ocrx_word' id='word_1_39' title='bbox 804 529 1052 591; x_wconf 82' lang='lat' dir='ltr'>diligenter</span> <span class='ocrx_word' id='word_1_40' title='bbox 1089 531 1203 579; x_wconf 92' lang='lat' dir='ltr'>haec</span> <span class='ocrx_word' id='word_1_41' title='bbox 1240 534 1349 579; x_wconf 89' lang='lat' dir='ltr'>trita</span> <span class='ocrx_word' id='word_1_42' title='bbox 1382 534 1430 578; x_wconf 91' lang='lat' dir='ltr'>in</span> <span class='ocrx_word' id='word_1_43' title='bbox 1460 546 1607 578; x_wconf 91' lang='lat' dir='ltr'>unum</span> <span class='ocrx_word' id='word_1_44' title='bbox 1638 546 1745 578; x_wconf 89' lang='lat' dir='ltr'>con·</span> <span class='ocrx_word' id='word_1_45' title='bbox 1769 544 1789 576; x_wconf 88' lang='lat'><strong>5</strong></span> 
     </span>
     <span class='ocr_line' id='line_1_7' title="bbox 154 599 1487 661; baseline 0.001 -14"><span class='ocrx_word' id='word_1_46' title='bbox 154 606 466 661; x_wconf 81' lang='lat' dir='ltr'>corporantur</span> <span class='ocrx_word' id='word_1_47' title='bbox 503 605 551 646; x_wconf 86' lang='lat' dir='ltr'>et</span> <span class='ocrx_word' id='word_1_48' title='bbox 587 599 898 660; x_wconf 69' lang='lat' dir='ltr'>pet-fricandis</span> <span class='ocrx_word' id='word_1_49' title='bbox 937 600 1156 648; x_wconf 85' lang='lat' dir='ltr'>dentibus</span> <span class='ocrx_word' id='word_1_50' title='bbox 1194 601 1487 648; x_wconf 88' lang='lat' dir='ltr'>adhibentur.</span> 
     </span>
    </p>

    <p class='ocr_par' dir='ltr' id='par_1_4' title="bbox 98 665 1815 1708">
     <span class='ocr_line' id='line_1_8' title="bbox 98 665 1749 738; baseline 0.001 -22"><span class='ocrx_word' id='word_1_51' title='bbox 98 679 123 716; x_wconf 85' lang='lat'><strong>6</strong></span> <span class='ocrx_word' id='word_1_52' title='bbox 293 669 415 715; x_wconf 93' lang='lat' dir='ltr'>Folii</span> <span class='ocrx_word' id='word_1_53' title='bbox 448 695 507 702; x_wconf 94' lang='lat'>—-</span> <span class='ocrx_word' id='word_1_54' title='bbox 534 668 569 731; x_wconf 95' lang='lat' dir='ltr'>I,</span> <span class='ocrx_word' id='word_1_55' title='bbox 608 670 728 715; x_wconf 90' lang='lat' dir='ltr'>costi</span> <span class='ocrx_word' id='word_1_56' title='bbox 769 695 828 702; x_wconf 93' lang='lat'>—</span> <span class='ocrx_word' id='word_1_57' title='bbox 855 669 889 732; x_wconf 89' lang='lat' dir='ltr'>I,</span> <span class='ocrx_word' id='word_1_58' title='bbox 926 672 1102 731; x_wconf 90' lang='lat' dir='ltr'>piperis</span> <span class='ocrx_word' id='word_1_59' title='bbox 1141 665 1203 738; x_wconf 50' lang='lat'>3⁴</span> <span class='ocrx_word' id='word_1_60' title='bbox 1234 670 1348 734; x_wconf 84' lang='lat' dir='ltr'>VIII,</span> <span class='ocrx_word' id='word_1_61' title='bbox 1377 672 1586 717; x_wconf 89' lang='lat' dir='ltr'>masticis</span> <span class='ocrx_word' id='word_1_62' title='bbox 1616 673 1749 732; x_wconf 89' lang='lat' dir='ltr'>grani</span> 
     </span>
     <span class='ocr_line' id='line_1_9' title="bbox 158 738 1749 803; baseline 0.001 -19"><span class='ocrx_word' id='word_1_63' title='bbox 158 765 216 772; x_wconf 88' lang='grc'><strong>-</strong></span> <span class='ocrx_word' id='word_1_64' title='bbox 250 738 314 802; x_wconf 91' lang='lat' dir='ltr'>II,</span> <span class='ocrx_word' id='word_1_65' title='bbox 351 739 519 785; x_wconf 91' lang='lat' dir='ltr'>hordei</span> <span class='ocrx_word' id='word_1_66' title='bbox 555 739 731 785; x_wconf 88' lang='lat' dir='ltr'>farinae</span> <span class='ocrx_word' id='word_1_67' title='bbox 769 739 944 786; x_wconf 89' lang='lat' dir='ltr'>nitidae</span> <span class='ocrx_word' id='word_1_68' title='bbox 982 738 1030 787; x_wconf 60' lang='lat'>5⁴</span> <span class='ocrx_word' id='word_1_69' title='bbox 1062 740 1183 803; x_wconf 85' lang='lat' dir='ltr'>VIII,</span> <span class='ocrx_word' id='word_1_70' title='bbox 1229 740 1496 802; x_wconf 82' lang='lat' dir='ltr'>singulatim</span> <span class='ocrx_word' id='word_1_71' title='bbox 1542 741 1749 802; x_wconf 90' lang='lat' dir='ltr'>singulas</span> 
     </span>
     <span class='ocr_line' id='line_1_10' title="bbox 154 808 1749 872; baseline 0.001 -17"><span class='ocrx_word' id='word_1_72' title='bbox 154 810 336 870; x_wconf 86' lang='lat' dir='ltr'>species</span> <span class='ocrx_word' id='word_1_73' title='bbox 380 809 518 855; x_wconf 92' lang='lat' dir='ltr'>tundi</span> <span class='ocrx_word' id='word_1_74' title='bbox 561 808 634 855; x_wconf 85' lang='lat' dir='ltr'>vel</span> <span class='ocrx_word' id='word_1_75' title='bbox 676 810 769 855; x_wconf 89' lang='lat' dir='ltr'>teri</span> <span class='ocrx_word' id='word_1_76' title='bbox 813 809 954 856; x_wconf 90' lang='lat' dir='ltr'>facies</span> <span class='ocrx_word' id='word_1_77' title='bbox 1000 817 1046 857; x_wconf 89' lang='lat' dir='ltr'>et</span> <span class='ocrx_word' id='word_1_78' title='bbox 1090 813 1220 857; x_wconf 88' lang='lat' dir='ltr'>cerni</span> <span class='ocrx_word' id='word_1_79' title='bbox 1255 812 1532 857; x_wconf 84' lang='lat' dir='ltr'>tenuissimo</span> <span class='ocrx_word' id='word_1_80' title='bbox 1571 810 1749 872; x_wconf 88' lang='lat' dir='ltr'>cribro;</span> 
     </span>
     <span class='ocr_line' id='line_1_11' title="bbox 153 878 1813 941; baseline -0.001 -16"><span class='ocrx_word' id='word_1_81' title='bbox 153 879 351 925; x_wconf 91' lang='lat' dir='ltr'>farinam</span> <span class='ocrx_word' id='word_1_82' title='bbox 395 893 507 925; x_wconf 89' lang='lat' dir='ltr'>vero</span> <span class='ocrx_word' id='word_1_83' title='bbox 552 878 719 925; x_wconf 89' lang='lat' dir='ltr'>hordei</span> <span class='ocrx_word' id='word_1_84' title='bbox 762 880 811 924; x_wconf 93' lang='lat' dir='ltr'>in</span> <span class='ocrx_word' id='word_1_85' title='bbox 857 878 993 925; x_wconf 91' lang='lat' dir='ltr'>ollam</span> <span class='ocrx_word' id='word_1_86' title='bbox 1038 880 1261 941; x_wconf 87' lang='lat' dir='ltr'>grandem</span> <span class='ocrx_word' id='word_1_87' title='bbox 1307 895 1472 927; x_wconf 91' lang='lat' dir='ltr'>novam</span> <span class='ocrx_word' id='word_1_88' title='bbox 1508 882 1665 927; x_wconf 88' lang='lat' dir='ltr'>mittes</span> <span class='ocrx_word' id='word_1_89' title='bbox 1703 885 1750 926; x_wconf 88' lang='lat' dir='ltr'>et</span> <span class='ocrx_word' id='word_1_90' title='bbox 1773 893 1813 923; x_wconf 86' lang='lat'>10</span> 
     </span>
     <span class='ocr_line' id='line_1_12' title="bbox 155 948 1750 1012; baseline 0.001 -18"><span class='ocrx_word' id='word_1_91' title='bbox 155 948 330 995; x_wconf 90' lang='lat' dir='ltr'>adicies</span> <span class='ocrx_word' id='word_1_92' title='bbox 368 948 519 995; x_wconf 90' lang='lat' dir='ltr'>mellis</span> <span class='ocrx_word' id='word_1_93' title='bbox 558 950 723 1010; x_wconf 87' lang='lat' dir='ltr'>optimi</span> <span class='ocrx_word' id='word_1_94' title='bbox 761 955 987 1010; x_wconf 90' lang='lat' dir='ltr'>quantum</span> <span class='ocrx_word' id='word_1_95' title='bbox 1018 950 1232 1012; x_wconf 88' lang='lat' dir='ltr'>sufficiat,</span> <span class='ocrx_word' id='word_1_96' title='bbox 1269 956 1321 996; x_wconf 90' lang='lat' dir='ltr'>ut</span> <span class='ocrx_word' id='word_1_97' title='bbox 1350 964 1503 1011; x_wconf 92' lang='lat' dir='ltr'>neque</span> <span class='ocrx_word' id='word_1_98' title='bbox 1535 952 1658 997; x_wconf 89' lang='lat' dir='ltr'>sicca</span> <span class='ocrx_word' id='word_1_99' title='bbox 1689 950 1750 996; x_wconf 85' lang='lat' dir='ltr'>sit</span> 
     </span>
     <span class='ocr_line' id='line_1_13' title="bbox 156 1018 1749 1080; baseline 0.001 -16"><span class='ocrx_word' id='word_1_100' title='bbox 156 1032 310 1079; x_wconf 90' lang='lat' dir='ltr'>neque</span> <span class='ocrx_word' id='word_1_101' title='bbox 349 1023 623 1079; x_wconf 85' lang='lat' dir='ltr'>supernatet</span> <span class='ocrx_word' id='word_1_102' title='bbox 659 1018 827 1079; x_wconf 81' lang='lat' dir='ltr'>farina3</span> <span class='ocrx_word' id='word_1_103' title='bbox 873 1025 1033 1079; x_wconf 90' lang='lat' dir='ltr'>postea</span> <span class='ocrx_word' id='word_1_104' title='bbox 1072 1019 1210 1066; x_wconf 90' lang='lat' dir='ltr'>simul</span> <span class='ocrx_word' id='word_1_105' title='bbox 1247 1019 1495 1080; x_wconf 87' lang='lat' dir='ltr'>speciebus</span> <span class='ocrx_word' id='word_1_106' title='bbox 1533 1019 1749 1066; x_wconf 90' lang='lat' dir='ltr'>omnibus</span> 
     </span>
     <span class='ocr_line' id='line_1_14' title="bbox 154 1087 1750 1151; baseline 0.001 -17"><span class='ocrx_word' id='word_1_107' title='bbox 154 1090 201 1134; x_wconf 90' lang='lat' dir='ltr'>in</span> <span class='ocrx_word' id='word_1_108' title='bbox 241 1087 378 1133; x_wconf 90' lang='lat' dir='ltr'>ollam</span> <span class='ocrx_word' id='word_1_109' title='bbox 418 1089 574 1134; x_wconf 89' lang='lat' dir='ltr'>missis</span> <span class='ocrx_word' id='word_1_110' title='bbox 606 1088 778 1134; x_wconf 87' lang='lat' dir='ltr'>adicies</span> <span class='ocrx_word' id='word_1_111' title='bbox 810 1088 1056 1135; x_wconf 86' lang='lat' dir='ltr'>fasciculos</span> <span class='ocrx_word' id='word_1_112' title='bbox 1087 1095 1266 1150; x_wconf 90' lang='lat' dir='ltr'>septem</span> <span class='ocrx_word' id='word_1_113' title='bbox 1296 1089 1469 1136; x_wconf 89' lang='lat' dir='ltr'>herbae</span> <span class='ocrx_word' id='word_1_114' title='bbox 1499 1089 1750 1151; x_wconf 87' lang='lat' dir='ltr'>parietalis,</span> 
     </span>
     <span class='ocr_line' id='line_1_15' title="bbox 154 1157 1750 1221; baseline 0.001 -18"><span class='ocrx_word' id='word_1_115' title='bbox 154 1159 218 1203; x_wconf 91' lang='lat' dir='ltr'>ita</span> <span class='ocrx_word' id='word_1_116' title='bbox 255 1163 309 1203; x_wconf 89' lang='lat' dir='ltr'>ut</span> <span class='ocrx_word' id='word_1_117' title='bbox 345 1157 453 1203; x_wconf 89' lang='lat' dir='ltr'>folia</span> <span class='ocrx_word' id='word_1_118' title='bbox 491 1158 633 1204; x_wconf 89' lang='lat' dir='ltr'>huius</span> <span class='ocrx_word' id='word_1_119' title='bbox 670 1157 841 1203; x_wconf 91' lang='lat' dir='ltr'>herbae</span> <span class='ocrx_word' id='word_1_120' title='bbox 881 1160 974 1204; x_wconf 88' lang='lat' dir='ltr'>sint</span> <span class='ocrx_word' id='word_1_121' title='bbox 1010 1160 1058 1204; x_wconf 90' lang='lat' dir='ltr'>in</span> <span class='ocrx_word' id='word_1_122' title='bbox 1096 1159 1351 1220; x_wconf 82' lang='lat' dir='ltr'>fasciculis,</span> <span class='ocrx_word' id='word_1_123' title='bbox 1389 1173 1481 1205; x_wconf 92' lang='lat' dir='ltr'>non</span> <span class='ocrx_word' id='word_1_124' title='bbox 1522 1158 1750 1221; x_wconf 82' lang='lat' dir='ltr'>virgulae3</span> 
     </span>
     <span class='ocr_line' id='line_1_16' title="bbox 156 1226 1814 1290; baseline 0.001 -18"><span class='ocrx_word' id='word_1_125' title='bbox 156 1227 323 1273; x_wconf 90' lang='lat' dir='ltr'>deinde</span> <span class='ocrx_word' id='word_1_126' title='bbox 362 1226 583 1287; x_wconf 92' lang='lat' dir='ltr'>operculo</span> <span class='ocrx_word' id='word_1_127' title='bbox 623 1229 918 1288; x_wconf 86' lang='lat' dir='ltr'>superposito</span> <span class='ocrx_word' id='word_1_128' title='bbox 957 1235 1003 1274; x_wconf 87' lang='lat' dir='ltr'>et</span> <span class='ocrx_word' id='word_1_129' title='bbox 1041 1228 1198 1274; x_wconf 91' lang='lat' dir='ltr'>clauso</span> <span class='ocrx_word' id='word_1_130' title='bbox 1232 1228 1304 1274; x_wconf 89' lang='lat' dir='ltr'>vel</span> <span class='ocrx_word' id='word_1_131' title='bbox 1334 1234 1526 1290; x_wconf 81' lang='lat' dir='ltr'>gypsato</span> <span class='ocrx_word' id='word_1_132' title='bbox 1557 1228 1750 1289; x_wconf 88' lang='lat' dir='ltr'>diligen·</span> <span class='ocrx_word' id='word_1_133' title='bbox 1774 1238 1814 1270; x_wconf 88' lang='lat'>15</span> 
     </span>
     <span class='ocr_line' id='line_1_17' title="bbox 157 1296 1752 1359; baseline 0.001 -17"><span class='ocrx_word' id='word_1_134' title='bbox 157 1303 230 1343; x_wconf 88' lang='lat' dir='ltr'>ter</span> <span class='ocrx_word' id='word_1_135' title='bbox 267 1296 324 1342; x_wconf 88' lang='lat' dir='ltr'>de</span> <span class='ocrx_word' id='word_1_136' title='bbox 363 1296 523 1358; x_wconf 89' lang='lat' dir='ltr'>argilla</span> <span class='ocrx_word' id='word_1_137' title='bbox 561 1298 719 1343; x_wconf 89' lang='lat' dir='ltr'>mittes</span> <span class='ocrx_word' id='word_1_138' title='bbox 756 1298 804 1343; x_wconf 92' lang='lat' dir='ltr'>in</span> <span class='ocrx_word' id='word_1_139' title='bbox 843 1297 1034 1344; x_wconf 90' lang='lat' dir='ltr'>furnum</span> <span class='ocrx_word' id='word_1_140' title='bbox 1072 1298 1285 1356; x_wconf 87' lang='lat' dir='ltr'>calidum,</span> <span class='ocrx_word' id='word_1_141' title='bbox 1325 1300 1389 1344; x_wconf 90' lang='lat' dir='ltr'>ita</span> <span class='ocrx_word' id='word_1_142' title='bbox 1426 1304 1479 1344; x_wconf 90' lang='lat' dir='ltr'>ut</span> <span class='ocrx_word' id='word_1_143' title='bbox 1515 1313 1665 1359; x_wconf 91' lang='lat' dir='ltr'>usque</span> <span class='ocrx_word' id='word_1_144' title='bbox 1702 1300 1752 1344; x_wconf 90' lang='lat' dir='ltr'>in</span> 
     </span>
     <span class='ocr_line' id='line_1_18' title="bbox 156 1365 1751 1431; baseline 0.001 -19"><span class='ocrx_word' id='word_1_145' title='bbox 156 1365 348 1412; x_wconf 88' lang='lat' dir='ltr'>alteram</span> <span class='ocrx_word' id='word_1_146' title='bbox 387 1366 509 1413; x_wconf 90' lang='lat' dir='ltr'>diem</span> <span class='ocrx_word' id='word_1_147' title='bbox 548 1367 674 1412; x_wconf 84' lang='lat' dir='ltr'>furni</span> <span class='ocrx_word' id='word_1_148' title='bbox 711 1367 867 1413; x_wconf 88' lang='lat' dir='ltr'>fervor</span> <span class='ocrx_word' id='word_1_149' title='bbox 904 1367 1063 1429; x_wconf 87' lang='lat' dir='ltr'>duret,</span> <span class='ocrx_word' id='word_1_150' title='bbox 1102 1368 1251 1414; x_wconf 91' lang='lat' dir='ltr'>donec</span> <span class='ocrx_word' id='word_1_151' title='bbox 1289 1374 1546 1414; x_wconf 86' lang='lat' dir='ltr'>exurantur</span> <span class='ocrx_word' id='word_1_152' title='bbox 1584 1369 1751 1431; x_wconf 89' lang='lat' dir='ltr'>omnia,</span> 
     </span>
     <span class='ocr_line' id='line_1_19' title="bbox 157 1436 1752 1497; baseline 0.001 -15"><span class='ocrx_word' id='word_1_153' title='bbox 157 1450 275 1497; x_wconf 92' lang='lat' dir='ltr'>quae</span> <span class='ocrx_word' id='word_1_154' title='bbox 321 1443 431 1483; x_wconf 87' lang='lat' dir='ltr'>sunt</span> <span class='ocrx_word' id='word_1_155' title='bbox 474 1438 523 1482; x_wconf 92' lang='lat' dir='ltr'>in</span> <span class='ocrx_word' id='word_1_156' title='bbox 568 1436 668 1483; x_wconf 89' lang='lat' dir='ltr'>olla.</span> <span class='ocrx_word' id='word_1_157' title='bbox 736 1437 864 1491; x_wconf 88' lang='lat' dir='ltr'>Quae</span> <span class='ocrx_word' id='word_1_158' title='bbox 903 1451 1010 1483; x_wconf 90' lang='lat' dir='ltr'>cum</span> <span class='ocrx_word' id='word_1_159' title='bbox 1048 1444 1210 1484; x_wconf 89' lang='lat' dir='ltr'>exusta</span> <span class='ocrx_word' id='word_1_160' title='bbox 1248 1438 1437 1495; x_wconf 88' lang='lat' dir='ltr'>fuerint,</span> <span class='ocrx_word' id='word_1_161' title='bbox 1475 1437 1614 1484; x_wconf 92' lang='lat' dir='ltr'>simul</span> <span class='ocrx_word' id='word_1_162' title='bbox 1650 1439 1752 1484; x_wconf 93' lang='lat' dir='ltr'>uni-</span> 
     </span>
     <span class='ocr_line' id='line_1_20' title="bbox 159 1505 1751 1568; baseline 0.002 -17"><span class='ocrx_word' id='word_1_163' title='bbox 159 1520 293 1552; x_wconf 88' lang='lat' dir='ltr'>versa</span> <span class='ocrx_word' id='word_1_164' title='bbox 336 1505 586 1567; x_wconf 84' lang='lat' dir='ltr'>diligenter</span> <span class='ocrx_word' id='word_1_165' title='bbox 629 1506 799 1552; x_wconf 85' lang='lat' dir='ltr'>tundes</span> <span class='ocrx_word' id='word_1_166' title='bbox 845 1506 915 1552; x_wconf 93' lang='lat' dir='ltr'>vel</span> <span class='ocrx_word' id='word_1_167' title='bbox 959 1512 1084 1553; x_wconf 88' lang='lat' dir='ltr'>teres</span> <span class='ocrx_word' id='word_1_168' title='bbox 1129 1514 1176 1554; x_wconf 88' lang='lat' dir='ltr'>et</span> <span class='ocrx_word' id='word_1_169' title='bbox 1221 1507 1440 1554; x_wconf 89' lang='lat' dir='ltr'>criblabis</span> <span class='ocrx_word' id='word_1_170' title='bbox 1478 1514 1524 1554; x_wconf 91' lang='lat' dir='ltr'>et</span> <span class='ocrx_word' id='word_1_171' title='bbox 1559 1507 1751 1568; x_wconf 89' lang='lat' dir='ltr'>pulvere</span> 
     </span>
     <span class='ocr_line' id='line_1_21' title="bbox 157 1576 1815 1638; baseline 0.002 -17"><span class='ocrx_word' id='word_1_172' title='bbox 157 1590 211 1622; x_wconf 92' lang='lat' dir='ltr'>eo</span> <span class='ocrx_word' id='word_1_173' title='bbox 250 1576 442 1622; x_wconf 86' lang='lat' dir='ltr'>cottidie</span> <span class='ocrx_word' id='word_1_174' title='bbox 473 1577 621 1622; x_wconf 85' lang='lat' dir='ltr'>uteris</span> <span class='ocrx_word' id='word_1_175' title='bbox 660 1577 715 1622; x_wconf 89' lang='lat' dir='ltr'>ad</span> <span class='ocrx_word' id='word_1_176' title='bbox 754 1577 1003 1622; x_wconf 89' lang='lat' dir='ltr'>candorem</span> <span class='ocrx_word' id='word_1_177' title='bbox 1041 1577 1252 1623; x_wconf 88' lang='lat' dir='ltr'>dentium</span> <span class='ocrx_word' id='word_1_178' title='bbox 1282 1577 1546 1624; x_wconf 91' lang='lat' dir='ltr'>faciendum</span> <span class='ocrx_word' id='word_1_179' title='bbox 1576 1584 1624 1624; x_wconf 90' lang='lat' dir='ltr'>et</span> <span class='ocrx_word' id='word_1_180' title='bbox 1653 1579 1750 1638; x_wconf 89' lang='lat' dir='ltr'>gin·</span> <span class='ocrx_word' id='word_1_181' title='bbox 1773 1587 1815 1617; x_wconf 81' lang='lat'>20</span> 
     </span>
     <span class='ocr_line' id='line_1_22' title="bbox 157 1646 1449 1708; baseline 0.002 -17"><span class='ocrx_word' id='word_1_182' title='bbox 157 1647 284 1706; x_wconf 89' lang='lat' dir='ltr'>givas</span> <span class='ocrx_word' id='word_1_183' title='bbox 323 1646 663 1692; x_wconf 88' lang='lat' dir='ltr'>confirmandas</span> <span class='ocrx_word' id='word_1_184' title='bbox 701 1652 748 1692; x_wconf 93' lang='lat' dir='ltr'>et</span> <span class='ocrx_word' id='word_1_185' title='bbox 785 1653 1019 1693; x_wconf 89' lang='lat' dir='ltr'>catarrum</span> <span class='ocrx_word' id='word_1_186' title='bbox 1056 1647 1449 1708; x_wconf 87' lang='lat' dir='ltr'>restringendum.</span> 
     </span>
    </p>

    <p class='ocr_par' dir='ltr' id='par_1_5' title="bbox 103 1715 1817 1987">
     <span class='ocr_line' id='line_1_23' title="bbox 103 1715 1753 1776; baseline 0.001 -16"><span class='ocrx_word' id='word_1_187' title='bbox 103 1725 125 1760; x_wconf 81' lang='lat'>7</span> <span class='ocrx_word' id='word_1_188' title='bbox 298 1715 623 1763; x_wconf 85' lang='lat' dir='ltr'>Dentifricium</span> <span class='ocrx_word' id='word_1_189' title='bbox 669 1716 725 1762; x_wconf 89' lang='lat' dir='ltr'>ad</span> <span class='ocrx_word' id='word_1_190' title='bbox 771 1716 935 1762; x_wconf 85' lang='lat' dir='ltr'>dentes</span> <span class='ocrx_word' id='word_1_191' title='bbox 979 1717 1138 1776; x_wconf 90' lang='lat' dir='ltr'>nigros</span> <span class='ocrx_word' id='word_1_192' title='bbox 1183 1717 1519 1763; x_wconf 90' lang='lat' dir='ltr'>emendandos:</span> <span class='ocrx_word' id='word_1_193' title='bbox 1577 1715 1753 1763; x_wconf 87' lang='lat' dir='ltr'>Hordei</span> 
     </span>
     <span class='ocr_line' id='line_1_24' title="bbox 157 1785 1751 1849; baseline 0.001 -18"><span class='ocrx_word' id='word_1_194' title='bbox 157 1785 353 1831; x_wconf 88' lang='lat' dir='ltr'>farinam</span> <span class='ocrx_word' id='word_1_195' title='bbox 384 1785 628 1832; x_wconf 86' lang='lat' dir='ltr'>delicatam</span> <span class='ocrx_word' id='word_1_196' title='bbox 659 1792 705 1832; x_wconf 91' lang='lat' dir='ltr'>et</span> <span class='ocrx_word' id='word_1_197' title='bbox 736 1785 803 1831; x_wconf 91' lang='lat' dir='ltr'>sal</span> <span class='ocrx_word' id='word_1_198' title='bbox 825 1788 989 1832; x_wconf 87' lang='lat' dir='ltr'>tritum</span> <span class='ocrx_word' id='word_1_199' title='bbox 1013 1801 1120 1832; x_wconf 90' lang='lat' dir='ltr'>cum</span> <span class='ocrx_word' id='word_1_200' title='bbox 1145 1786 1278 1833; x_wconf 91' lang='lat' dir='ltr'>melle</span> <span class='ocrx_word' id='word_1_201' title='bbox 1302 1787 1571 1849; x_wconf 86' lang='lat' dir='ltr'>confricato,</span> <span class='ocrx_word' id='word_1_202' title='bbox 1602 1786 1751 1833; x_wconf 85' lang='lat' dir='ltr'>donec</span> 
     </span>
     <span class='ocr_line' id='line_1_25' title="bbox 159 1854 1753 1916; baseline 0.001 -16"><span class='ocrx_word' id='word_1_203' title='bbox 159 1854 249 1900; x_wconf 91' lang='lat' dir='ltr'>sibi</span> <span class='ocrx_word' id='word_1_204' title='bbox 286 1854 592 1916; x_wconf 89' lang='lat' dir='ltr'>cohaereant,</span> <span class='ocrx_word' id='word_1_205' title='bbox 635 1862 682 1901; x_wconf 89' lang='lat' dir='ltr'>et</span> <span class='ocrx_word' id='word_1_206' title='bbox 718 1862 879 1916; x_wconf 90' lang='lat' dir='ltr'>postea</span> <span class='ocrx_word' id='word_1_207' title='bbox 916 1862 1095 1916; x_wconf 85' lang='lat' dir='ltr'>pastam</span> <span class='ocrx_word' id='word_1_208' title='bbox 1132 1858 1280 1916; x_wconf 90' lang='lat' dir='ltr'>ipsam</span> <span class='ocrx_word' id='word_1_209' title='bbox 1318 1856 1460 1902; x_wconf 89' lang='lat' dir='ltr'>linteo</span> <span class='ocrx_word' id='word_1_210' title='bbox 1499 1856 1753 1903; x_wconf 89' lang='lat' dir='ltr'>involutam</span> 
     </span>
     <span class='ocr_line' id='line_1_26' title="bbox 150 1924 1817 1987; baseline 0.001 -16"><span class='ocrx_word' id='word_1_211' title='bbox 150 1924 399 1971; x_wconf 90' lang='lat' dir='ltr'>conburito</span> <span class='ocrx_word' id='word_1_212' title='bbox 438 1939 491 1971; x_wconf 81' lang='lat' dir='ltr'>ac</span> <span class='ocrx_word' id='word_1_213' title='bbox 529 1924 770 1986; x_wconf 88' lang='lat' dir='ltr'>pulverem</span> <span class='ocrx_word' id='word_1_214' title='bbox 800 1927 1133 1972; x_wconf 90' lang='lat' dir='ltr'>tenuissimum</span> <span class='ocrx_word' id='word_1_215' title='bbox 1164 1926 1303 1973; x_wconf 89' lang='lat' dir='ltr'>facito</span> <span class='ocrx_word' id='word_1_216' title='bbox 1335 1933 1473 1987; x_wconf 85' lang='lat' dir='ltr'>atque</span> <span class='ocrx_word' id='word_1_217' title='bbox 1505 1940 1558 1972; x_wconf 92' lang='lat' dir='ltr'>eo</span> <span class='ocrx_word' id='word_1_218' title='bbox 1589 1926 1754 1972; x_wconf 83' lang='lat' dir='ltr'>dentes</span> <span class='ocrx_word' id='word_1_219' title='bbox 1776 1936 1817 1967; x_wconf 79' lang='lat'>25</span> 
     </span>
    </p>

    <p class='ocr_par' dir='ltr' id='par_1_6' title="bbox 102 1995 1754 2196">
     <span class='ocr_line' id='line_1_27' title="bbox 102 1995 1754 2057; baseline 0.001 -17"><span class='ocrx_word' id='word_1_220' title='bbox 102 2004 127 2041; x_wconf 89' lang='lat'>8</span> <span class='ocrx_word' id='word_1_221' title='bbox 158 2008 293 2040; x_wconf 89' lang='lat' dir='ltr'>mane</span> <span class='ocrx_word' id='word_1_222' title='bbox 324 2009 376 2041; x_wconf 93' lang='lat' dir='ltr'>ac</span> <span class='ocrx_word' id='word_1_223' title='bbox 400 2009 595 2056; x_wconf 89' lang='lat' dir='ltr'>vespere</span> <span class='ocrx_word' id='word_1_224' title='bbox 619 1995 889 2057; x_wconf 83' lang='lat' dir='ltr'>confricato,</span> <span class='ocrx_word' id='word_1_225' title='bbox 919 1997 1010 2042; x_wconf 90' lang='lat' dir='ltr'>cito</span> <span class='ocrx_word' id='word_1_226' title='bbox 1042 1995 1397 2042; x_wconf 90' lang='lat' dir='ltr'>candidissimos</span> <span class='ocrx_word' id='word_1_227' title='bbox 1421 1996 1577 2044; x_wconf 75' lang='lat' dir='ltr'>facies,</span> <span class='ocrx_word' id='word_1_228' title='bbox 1614 1995 1754 2057; x_wconf 88' lang='lat' dir='ltr'>Lapis</span> 
     </span>
     <span class='ocr_line' id='line_1_28' title="bbox 158 2063 1753 2126; baseline 0.001 -16"><span class='ocrx_word' id='word_1_229' title='bbox 158 2063 324 2110; x_wconf 91' lang='lat' dir='ltr'>Parius</span> <span class='ocrx_word' id='word_1_230' title='bbox 361 2066 504 2111; x_wconf 85' lang='lat' dir='ltr'>tritus</span> <span class='ocrx_word' id='word_1_231' title='bbox 542 2065 598 2111; x_wconf 92' lang='lat' dir='ltr'>ad</span> <span class='ocrx_word' id='word_1_232' title='bbox 637 2079 865 2110; x_wconf 91' lang='lat' dir='ltr'>summam</span> <span class='ocrx_word' id='word_1_233' title='bbox 901 2065 1133 2112; x_wconf 88' lang='lat' dir='ltr'>levitatem</span> <span class='ocrx_word' id='word_1_234' title='bbox 1173 2071 1219 2112; x_wconf 87' lang='lat' dir='ltr'>et</span> <span class='ocrx_word' id='word_1_235' title='bbox 1256 2080 1341 2126; x_wconf 93' lang='lat' dir='ltr'>pro</span> <span class='ocrx_word' id='word_1_236' title='bbox 1372 2065 1638 2112; x_wconf 89' lang='lat' dir='ltr'>dentifricio</span> <span class='ocrx_word' id='word_1_237' title='bbox 1676 2065 1753 2111; x_wconf 90' lang='lat' dir='ltr'>ad-</span> 
     </span>
     <span class='ocr_line' id='line_1_29' title="bbox 154 2132 1749 2196; baseline 0.001 -17"><span class='ocrx_word' id='word_1_238' title='bbox 154 2132 332 2180; x_wconf 90' lang='lat' dir='ltr'>hibitus</span> <span class='ocrx_word' id='word_1_239' title='bbox 370 2135 493 2180; x_wconf 89' lang='lat' dir='ltr'>intra</span> <span class='ocrx_word' id='word_1_240' title='bbox 532 2134 656 2180; x_wconf 90' lang='lat' dir='ltr'>diem</span> <span class='ocrx_word' id='word_1_241' title='bbox 694 2135 927 2181; x_wconf 92' lang='lat' dir='ltr'>decimum</span> <span class='ocrx_word' id='word_1_242' title='bbox 965 2135 1219 2196; x_wconf 88' lang='lat' dir='ltr'>quamlibet</span> <span class='ocrx_word' id='word_1_243' title='bbox 1255 2137 1414 2195; x_wconf 87' lang='lat' dir='ltr'>nigros</span> <span class='ocrx_word' id='word_1_244' title='bbox 1444 2135 1516 2181; x_wconf 91' lang='lat' dir='ltr'>vel</span> <span class='ocrx_word' id='word_1_245' title='bbox 1552 2133 1749 2196; x_wconf 91' lang='lat' dir='ltr'>pallidos</span> 
     </span>
    </p>

    <p class='ocr_par' dir='ltr' id='par_1_7' title="bbox 104 2203 1752 2265">
     <span class='ocr_line' id='line_1_30' title="bbox 104 2203 1752 2265; baseline 0.001 -16"><span class='ocrx_word' id='word_1_246' title='bbox 104 2213 128 2248; x_wconf 84' lang='lat'>9</span> <span class='ocrx_word' id='word_1_247' title='bbox 161 2203 325 2250; x_wconf 90' lang='lat' dir='ltr'>dentes</span> <span class='ocrx_word' id='word_1_248' title='bbox 369 2203 598 2265; x_wconf 87' lang='lat' dir='ltr'>purgabit.</span> <span class='ocrx_word' id='word_1_249' title='bbox 665 2203 797 2251; x_wconf 88' lang='lat' dir='ltr'>Nitro</span> <span class='ocrx_word' id='word_1_250' title='bbox 844 2211 975 2251; x_wconf 88' lang='lat' dir='ltr'>cocto</span> <span class='ocrx_word' id='word_1_251' title='bbox 1021 2211 1159 2265; x_wconf 87' lang='lat' dir='ltr'>atque</span> <span class='ocrx_word' id='word_1_252' title='bbox 1205 2206 1406 2252; x_wconf 89' lang='lat' dir='ltr'>contrito</span> <span class='ocrx_word' id='word_1_253' title='bbox 1443 2204 1570 2251; x_wconf 88' lang='lat' dir='ltr'>velut</span> <span class='ocrx_word' id='word_1_254' title='bbox 1606 2205 1752 2251; x_wconf 91' lang='lat' dir='ltr'>denti-</span> 
     </span>
    </p>

    <p class='ocr_par' dir='ltr' id='par_1_8' title="bbox 79 2273 1816 2405">
     <span class='ocr_line' id='line_1_31' title="bbox 79 2273 1816 2335; baseline -0.001 -16"><span class='ocrx_word' id='word_1_255' title='bbox 79 2283 129 2319; x_wconf 90' lang='lat'>10</span> <span class='ocrx_word' id='word_1_256' title='bbox 161 2274 296 2319; x_wconf 90' lang='lat' dir='ltr'>fricio</span> <span class='ocrx_word' id='word_1_257' title='bbox 333 2280 467 2320; x_wconf 87' lang='lat' dir='ltr'>utere</span> <span class='ocrx_word' id='word_1_258' title='bbox 506 2274 562 2320; x_wconf 91' lang='lat' dir='ltr'>ad</span> <span class='ocrx_word' id='word_1_259' title='bbox 601 2274 764 2320; x_wconf 90' lang='lat' dir='ltr'>dentes</span> <span class='ocrx_word' id='word_1_260' title='bbox 801 2274 1082 2335; x_wconf 87' lang='lat' dir='ltr'>purgandos.</span> <span class='ocrx_word' id='word_1_261' title='bbox 1154 2274 1293 2321; x_wconf 90' lang='lat' dir='ltr'>Porci</span> <span class='ocrx_word' id='word_1_262' title='bbox 1330 2273 1609 2335; x_wconf 89' lang='lat' dir='ltr'>ungularum</span> <span class='ocrx_word' id='word_1_263' title='bbox 1647 2289 1752 2320; x_wconf 89' lang='lat' dir='ltr'>ossa</span> <span class='ocrx_word' id='word_1_264' title='bbox 1775 2286 1816 2316; x_wconf 85' lang='lat'>30</span> 
     </span>
     <span class='ocr_line' id='line_1_32' title="bbox 161 2343 1753 2405; baseline 0.001 -16"><span class='ocrx_word' id='word_1_265' title='bbox 161 2343 389 2390; x_wconf 89' lang='lat' dir='ltr'>conbusta</span> <span class='ocrx_word' id='word_1_266' title='bbox 419 2346 623 2405; x_wconf 88' lang='lat' dir='ltr'>tritaque</span> <span class='ocrx_word' id='word_1_267' title='bbox 655 2350 701 2390; x_wconf 89' lang='lat' dir='ltr'>et</span> <span class='ocrx_word' id='word_1_268' title='bbox 731 2343 925 2390; x_wconf 91' lang='lat' dir='ltr'>criblata</span> <span class='ocrx_word' id='word_1_269' title='bbox 955 2344 1134 2390; x_wconf 90' lang='lat' dir='ltr'>adiecto</span> <span class='ocrx_word' id='word_1_270' title='bbox 1165 2344 1310 2390; x_wconf 91' lang='lat' dir='ltr'>nardo</span> <span class='ocrx_word' id='word_1_271' title='bbox 1335 2350 1381 2390; x_wconf 93' lang='lat' dir='ltr'>et</span> <span class='ocrx_word' id='word_1_272' title='bbox 1405 2343 1514 2390; x_wconf 88' lang='lat' dir='ltr'>folio</span> <span class='ocrx_word' id='word_1_273' title='bbox 1538 2344 1753 2390; x_wconf 88' lang='lat' dir='ltr'>frictione</span> 
     </span>
    </p>

    <p class='ocr_par' dir='ltr' id='par_1_9' title="bbox 78 2413 1751 2545">
     <span class='ocr_line' id='line_1_33' title="bbox 78 2413 1751 2475; baseline 0.001 -17"><span class='ocrx_word' id='word_1_274' title='bbox 78 2422 127 2458; x_wconf 87' lang='lat'>11</span> <span class='ocrx_word' id='word_1_275' title='bbox 163 2413 399 2474; x_wconf 88' lang='lat' dir='ltr'>frequenti</span> <span class='ocrx_word' id='word_1_276' title='bbox 429 2414 593 2461; x_wconf 90' lang='lat' dir='ltr'>dentes</span> <span class='ocrx_word' id='word_1_277' title='bbox 617 2414 969 2461; x_wconf 85' lang='lat' dir='ltr'>candidissimos</span> <span class='ocrx_word' id='word_1_278' title='bbox 993 2420 1243 2475; x_wconf 88' lang='lat' dir='ltr'>praestant.</span> <span class='ocrx_word' id='word_1_279' title='bbox 1287 2413 1411 2459; x_wconf 89' lang='lat' dir='ltr'>Lana</span> <span class='ocrx_word' id='word_1_280' title='bbox 1435 2413 1594 2460; x_wconf 91' lang='lat' dir='ltr'>sucida</span> <span class='ocrx_word' id='word_1_281' title='bbox 1618 2413 1751 2460; x_wconf 90' lang='lat' dir='ltr'>melle</span> 
     </span>
     <span class='ocr_line' id='line_1_34' title="bbox 160 2482 1751 2545; baseline 0.002 -18"><span class='ocrx_word' id='word_1_282' title='bbox 160 2482 292 2529; x_wconf 88' lang='lat' dir='ltr'>inlita</span> <span class='ocrx_word' id='word_1_283' title='bbox 329 2483 493 2530; x_wconf 90' lang='lat' dir='ltr'>dentes</span> <span class='ocrx_word' id='word_1_284' title='bbox 523 2484 738 2545; x_wconf 86' lang='lat' dir='ltr'>perfricti</span> <span class='ocrx_word' id='word_1_285' title='bbox 766 2485 885 2530; x_wconf 87' lang='lat' dir='ltr'>miro</span> <span class='ocrx_word' id='word_1_286' title='bbox 915 2483 1052 2530; x_wconf 89' lang='lat' dir='ltr'>modo</span> <span class='ocrx_word' id='word_1_287' title='bbox 1084 2483 1332 2530; x_wconf 88' lang='lat' dir='ltr'>candorem</span> <span class='ocrx_word' id='word_1_288' title='bbox 1363 2485 1612 2530; x_wconf 87' lang='lat' dir='ltr'>maximum</span> <span class='ocrx_word' id='word_1_289' title='bbox 1644 2498 1751 2530; x_wconf 89' lang='lat' dir='ltr'>con-</span> 
     </span>
    </p>

    <p class='ocr_par' dir='ltr' id='par_1_10' title="bbox 79 2553 1751 2613">
     <span class='ocr_line' id='line_1_35' title="bbox 79 2553 1751 2613; baseline 0.001 -15"><span class='ocrx_word' id='word_1_290' title='bbox 79 2561 130 2598; x_wconf 82' lang='lat'>12</span> <span class='ocrx_word' id='word_1_291' title='bbox 162 2558 401 2599; x_wconf 84' lang='lat' dir='ltr'>secuntur.</span> <span class='ocrx_word' id='word_1_292' title='bbox 439 2608 441 2611; x_wconf 18' lang='grc' dir='ltr'>ι</span> <span class='ocrx_word' id='word_1_293' title='bbox 482 2553 807 2599; x_wconf 90' lang='lat' dir='ltr'>Dentifricium</span> <span class='ocrx_word' id='word_1_294' title='bbox 859 2555 1086 2613; x_wconf 90' lang='lat' dir='ltr'>optimum</span> <span class='ocrx_word' id='word_1_295' title='bbox 1144 2568 1196 2599; x_wconf 94' lang='lat' dir='ltr'>ac</span> <span class='ocrx_word' id='word_1_296' title='bbox 1249 2553 1607 2600; x_wconf 89' lang='lat' dir='ltr'>saluberrimum</span> <span class='ocrx_word' id='word_1_297' title='bbox 1660 2555 1751 2600; x_wconf 90' lang='lat' dir='ltr'>sic:</span> 
     </span>
    </p>
   </div>
   <div class='ocr_carea' id='block_1_3' title="bbox 160 2713 1751 2811">
    <p class='ocr_par' dir='ltr' id='par_1_11' title="bbox 160 2713 1751 2811">
     <span class='ocr_line' id='line_1_36' title="bbox 275 2713 1751 2768; baseline 0.002 -16"><span class='ocrx_word' id='word_1_298' title='bbox 275 2717 296 2752; x_wconf 90' lang='lat'>1</span> <span class='ocrx_word' id='word_1_299' title='bbox 328 2725 420 2755; x_wconf 84' lang='lat' dir='ltr'>usa.</span> <span class='ocrx_word' id='word_1_300' title='bbox 538 2719 562 2755; x_wconf 90' lang='lat'><strong>3</strong></span> <span class='ocrx_word' id='word_1_301' title='bbox 593 2727 784 2756; x_wconf 84' lang='lat' dir='ltr'>cornum.</span> <span class='ocrx_word' id='word_1_302' title='bbox 902 2718 954 2755; x_wconf 90' lang='lat'>10</span> <span class='ocrx_word' id='word_1_303' title='bbox 984 2713 1119 2757; x_wconf 82' lang='lat' dir='ltr'>ordei.</span> <span class='ocrx_word' id='word_1_304' title='bbox 1238 2718 1287 2755; x_wconf 88' lang='grc'>19</span> <span class='ocrx_word' id='word_1_305' title='bbox 1320 2714 1539 2756; x_wconf 84' lang='lat' dir='ltr'>criblauis.</span> <span class='ocrx_word' id='word_1_306' title='bbox 1654 2714 1751 2768; x_wconf 86' lang='lat' dir='ltr'>pul-</span> 
     </span>
     <span class='ocr_line' id='line_1_37' title="bbox 160 2769 962 2811; baseline 0.001 -1"><span class='ocrx_word' id='word_1_307' title='bbox 160 2781 306 2810; x_wconf 86' lang='lat' dir='ltr'>verem</span> <span class='ocrx_word' id='word_1_308' title='bbox 337 2781 401 2810; x_wconf 91' lang='lat' dir='ltr'>eo.</span> <span class='ocrx_word' id='word_1_309' title='bbox 531 2774 582 2810; x_wconf 83' lang='lat'>32</span> <span class='ocrx_word' id='word_1_310' title='bbox 614 2769 962 2811; x_wconf 79' lang='lat' dir='ltr'>candidissimus.</span> 
     </span>
    </p>
   </div>
  </div>
 </body>
</html>
