1898 3016
744 110 1083 159 -77-

119 247 323 288 mentum
371 241 675 301 sutoricium‚
728 239 887 299 aequis
941 238 1173 283 mensuris
1217 238 1304 283 ista
1356 238 1610 298 coniunges
1663 243 1709 282 et

119 309 258 356 addes
309 309 382 354 his
428 323 564 370 sapae
610 308 842 355 modicum
888 313 934 353 et
978 308 1098 353 aceti
1151 313 1372 367 quantum
1419 307 1619 353 sufficiat
1664 311 1710 351 et

119 379 350 440 decoques
395 378 449 424 ad
498 378 849 440 spissitudinem
892 376 1042 423 mellis
1088 376 1254 438 liquidi
1299 382 1437 437 atque
1490 377 1550 422 ita
1600 389 1708 422 ocu-

117 447 185 494 los
230 448 336 494 inde
383 447 665 510 superlines‚
709 454 761 494 ut
807 446 1039 493 modicum
1083 445 1373 507 ingrediatur
1419 459 1498 491 eos
1543 451 1589 491 et
1633 444 1709 491 de-

75 517 387 579 clacriment,
433 518 654 563 continuo
700 516 1000 563 sanabuntur.
1074 515 1148 562 Ad
1202 514 1436 561 vulnera
1488 514 1708 561 ulcera—

119 602 222 648 que
272 593 324 633 et
369 588 674 633 cicatrices
727 594 891 647 atque
945 584 1324 632 carbunculos
1378 590 1708 644 crustasque

117 656 408 703 oculorum
454 662 506 702 et
558 655 911 717 glaucomata
958 661 1126 715 atque
1174 654 1475 714 albugines
1520 653 1708 699 deter-

118 726 325 787 gendas
364 733 416 772 et
452 725 752 787 palpebras
790 724 1208 785 componendas
1247 723 1482 785 collyria
1528 729 1580 770 et
1624 736 1709 769 re-

119 795 298 842 media
357 795 420 841 de
481 796 891 856 experimentis
949 792 1183 855 physica
1236 799 1293 839 et
1344 792 1710 839 rationabilia

58 881 96 910 10
121 864 356 911 diversa.
416 865 484 911 Ad
517 864 701 910 sordida
740 863 896 910 ulcera
935 863 1176 910 oculorum
1217 869 1491 923 crustasque
1530 861 1794 910 haben-116

118 936 202 996 tia,
241 949 354 995 quas
392 934 560 980 medici
599 933 816 980 escharas
854 937 1039 995 vocant,
1077 939 1122 979 et
1160 932 1216 979 ad
1255 931 1563 978 carbunculos
1602 945 1710 976 ocu-

118 1003 290 1066 lorum,
336 1019 451 1064 quos
496 1003 739 1050 anthracas
778 1003 961 1064 dicunt,
1006 1002 1117 1049 facit
1160 1001 1279 1048 bene
1326 1009 1372 1048 et
1411 1015 1496 1062 per
1534 1015 1583 1047 se
1620 999 1712 1046 mel

119 1073 324 1120 Atticum
362 1088 532 1134 purum
571 1073 737 1135 pyxide
778 1086 950 1134 cuprea
988 1072 1226 1119 conditum
1259 1078 1306 1118 et
1337 1072 1594 1132 repositum
1625 1068 1711 1116 sub

121 1143 356 1203 signaculo
386 1142 626 1189 mensibus
658 1143 802 1189 ferme
836 1142 1039 1204 ‹luobus3
1078 1147 1250 1203 quanto
1289 1142 1412 1187 enim
1451 1141 1626 1187 diutius
1663 1141 1710 1185 in

58 1227 96 1258 15
118 1213 284 1274 pyxide
338 1228 390 1259 ea
442 1214 685 1275 manserit,
738 1212 973 1258 efficacius
1019 1212 1110 1258 fiet.
1185 1211 1276 1257 Sed
1320 1212 1571 1272 praecipue
1615 1209 1793 1259 hocll'l

121 1282 243 1343 quod
276 1283 462 1343 quidam
487 1282 561 1328 dia
586 1296 820 1343 smyrnon,
851 1281 1063 1327 nonnulli
1094 1281 1284 1343 euodes,
1322 1282 1431 1341 quia
1461 1279 1571 1326 boni
1602 1279 1709 1325 odo-

119 1353 185 1397 ris
225 1358 314 1414 est,
362 1353 622 1413 nominant,
661 1351 784 1412 quod
823 1352 961 1398 etiam
999 1350 1054 1396 ad
1092 1349 1304 1412 pustulas
1341 1349 1627 1411 papulasque
1666 1356 1713 1394 et.

121 1423 480 1482 suppurationes
525 1420 768 1468 oculorum
814 1428 860 1467 et
904 1420 959 1466 ad
1005 1422 1247 1467 cicatrices
1296 1434 1388 1466 non
1434 1425 1615 1465 veteres
1667 1427 1713 1464 et

0 1546 2 1555 ‚
121 1490 177 1536 ad
220 1490 546 1552 palpebrarum
593 1498 830 1537 recentem
876 1492 1014 1536 etiam
1060 1492 1106 1536 in
1154 1488 1431 1550 corporibus
1471 1489 1712 1535 teneriori-

0 1598 1 1617 2
59 1574 100 1605 ιο
122 1558 209 1606 bus
241 1560 578 1621 aspritudinem
608 1560 730 1606 facit.
772 1559 969 1620 Oportet
998 1565 1154 1606 autem
1185 1574 1240 1606 eo
1265 1559 1319 1605 ad
1346 1558 1531 1605 sordida
1554 1557 1712 1604 ulcera

122 1629 267 1676 diluto
307 1632 380 1676 ovi
417 1629 534 1692 albo,
571 1630 617 1676 id
657 1636 728 1676 est
765 1630 1084 1691 aquatissimo,
1120 1631 1204 1692 uti,
1243 1628 1410 1675 deinde
1441 1642 1548 1675 cum
1579 1627 1710 1674 lacri—

122 1713 222 1745 mae
260 1699 407 1745 ssuere
446 1700 683 1761 desierint,
722 1701 966 1745 cineraceo
1005 1698 1196 1761 collyrio
1239 1699 1558 1759 superinungi,
1600 1699 1712 1743 item

123 1769 177 1814 ad
216 1768 427 1829 pustulas
473 1783 528 1814 ex
573 1784 657 1814 ovo
704 1770 867 1815 tritum
912 1769 1045 1831 facit3
1091 1768 1145 1815 ad
1191 1767 1383 1830 papulas
1421 1781 1530 1812 vero
1574 1774 1620 1813 et
1657 1766 1712 1812 ad

124 1837 308 1883 dolores
353 1852 458 1883 cum
505 1837 677 1883 rubore
724 1844 770 1883 et
814 1838 1100 1885 distensione
1146 1837 1269 1884 oculi
1315 1839 1435 1883 sicca
1481 1836 1600 1882 bene
1645 1838 1712 1882 in-

61 1919 101 1951 25
122 1908 312 1967 ponitur
351 1921 456 1953 cum
493 1907 611 1953 lacte
648 1906 878 1969 mulieris,
923 1922 982 1954 ex
1027 1922 1145 1968 aqua
1182 1913 1337 1954 autem
1376 1905 1431 1952 ad
1470 1907 1713 1952 cicatrices

123 1984 336 2023 recentes
375 1976 689 2023 extenuandas
728 1982 772 2022 et
809 1976 1137 2037 palpebrarum
1175 1976 1514 2038 aspritudinem
1551 1975 1712 2022 tollen-

123 2045 226 2092 dam
266 2047 352 2092 teri
391 2045 530 2092 debet
568 2052 614 2092 et
652 2045 861 2092 subiecto
908 2045 1098 2107 specillo
1144 2054 1222 2093 aut
1266 2047 1448 2091 inversa
1493 2045 1713 2107 palpebra

124 2114 271 2161 oculis
316 2117 473 2161 inseri.
548 2115 840 2177 Conponitur
885 2123 1039 2161 autem
1078 2130 1135 2161 ex
1173 2116 1246 2161 his
1283 2114 1446 2162 rebus:
1485 2114 1712 2175 Pompho-

124 2183 240 2245 lygis
279 2185 396 2231 lotae
435 2184 474 2230 X
505 2184 619 2247 VIII,
658 2187 778 2231 aeris
817 2187 911 2231 usti
942 2184 981 2230 X
1011 2184 1127 2247 VIII,
1165 2186 1292 2232 croci
1327 2183 1366 2230 X
1396 2183 1493 2246 1111,
1533 2198 1714 2245 myrrae

62 2252 165 2299 aoX
209 2254 319 2315 1111,
350 2254 505 2300 ¹nardi
559 2256 714 2314 spicae
760 2253 800 2300 X
845 2255 864 2300 I
917 2260 963 2300 et
1010 2254 1192 2315 pondus
1238 2255 1495 2316 victoriati,
1549 2253 1714 2315 lapidis

124 2323 399 2370 haematitae
437 2323 477 2369 X
507 2323 548 2369 II
580 2323 624 2386 S,
663 2325 838 2385 piperis
877 2323 965 2370 albi
1005 2338 1145 2384 grana
1176 2323 1231 2382 X,
1270 2325 1365 2385 opii
1401 2323 1441 2368 X
1471 2323 1490 2368 I
1526 2329 1571 2369 et
1601 2337 1712 2383 pon-

127 2393 213 2439 dus
258 2395 397 2440 unius
441 2395 693 2456 victoriati,
739 2395 940 2454 gummis
978 2393 1017 2439 X
1048 2393 1101 2440 X.
1175 2393 1412 2440 Teruntur
1455 2392 1569 2439 haec
1607 2406 1713 2439 cum

127 2461 240 2508 Chio
279 2465 383 2508 vino
422 2469 469 2509 et
506 2464 750 2509 confestim
789 2462 978 2525 collyria
1007 2463 1248 2524 finguntur
1286 2469 1424 2524 atque
1463 2464 1510 2508 in
1550 2461 1714 2509 umbra

127 2533 373 2579 siccantur.
431 2532 623 2579 Acriore
661 2539 814 2579 autem
853 2532 1042 2595 collyrio
1080 2533 1134 2579 ad
1174 2534 1417 2579 cicatrices
1456 2538 1797 2579 extenuan-118

240 2699 261 2734 1
295 2694 549 2735 sutorioium
578 2696 752 2748 scripsi:
783 2694 1015 2736 sutoritum
1049 2693 1297 2736 Gornarius.
1447 2698 1497 2735 27
1530 2692 1714 2747 specillo

62 2763 66 2766 ·
129 2748 388 2816 Stephanus:
422 2749 595 2804 spicillo
629 2750 875 2793 Carnarius.
