1898 3016
751 101 1094 152 „29—

121 237 169 278 et
205 231 378 277 irinum
415 229 570 276 oleum
608 236 737 276 aceto
777 229 1045 292 decoctum,
1089 231 1200 276 item
1239 244 1371 277 rosae
1410 229 1564 277 aridae
1603 229 1709 277 solia

121 305 350 347 macerata
395 300 526 360 prius
563 313 718 360 passo,
763 299 928 346 deinde
967 304 1097 346 cocta
1134 305 1272 361 atque
1310 301 1418 346 trita
1457 307 1504 347 et
1540 301 1604 347 ita
1641 301 1707 346 in—

119 371 270 431 posita
321 368 460 415 simili
510 368 646 414 modo
690 375 889 429 prosunt
930 375 976 415 et
1013 368 1186 415 sertula
1231 383 1451 431 campana
1496 369 1710 416 similiter

121 439 240 486 sacta
293 438 484 499 prodest
535 437 607 483 vel
657 439 797 499 myrti
842 437 947 485 folia
992 444 1153 485 tenera
1198 452 1253 485 ex
1298 439 1404 485 vino
1449 441 1558 485 trita
1603 453 1710 486 cum

76 524 98 555 ⁶
120 522 272 570 myrra
310 514 356 554 et
393 506 598 568 puleium
630 522 687 553 ex
724 508 830 553 vino
869 509 1030 555 tritum
1068 515 1115 554 et
1151 507 1269 554 mala
1306 507 1510 569 cydonea
1548 523 1572 555 e
1603 510 1709 555 vino

121 583 250 624 cocta
303 584 349 623 et
399 578 507 623 trita
560 582 696 637 atque
750 578 950 637 inposita
1002 579 1142 638 capiti
1195 577 1447 639 plurimum
1497 583 1709 639 prosunt.

119 646 508 693 Medicamentum
553 646 676 706 quod
721 645 947 706 repellere
992 648 1140 706 possit
1185 661 1259 709 ea,
1306 661 1423 708 quae
1468 647 1523 693 ad
1571 654 1711 708 caput
1743 652 1793 689 16

120 715 502 762 redundaverint:
554 714 763 761 Castorei
801 716 1031 762 victoriati
1068 717 1254 762 tertiam
1291 723 1492 778 partem,
1539 716 1708 778 sphon-

121 785 230 847 dylii
260 785 300 831 X
329 785 362 847 I,
401 786 534 832 nucis
572 799 753 831 amarae
791 783 831 830 X
860 784 916 847 X,
954 791 1086 831 rutae
1124 785 1232 832 folia
1266 785 1306 831 X
1336 785 1390 847 Il,
1429 785 1504 832 sili
1540 785 1709 832 Massa-

58 871 98 902 10
121 854 264 901 liotici
309 854 349 900 X
385 854 438 901 ΙΙ.
513 853 628 900 Cum
677 861 806 900 aceto
851 856 983 914 prius
1026 854 1140 901 haec
1185 860 1404 901 teruntur
1449 854 1709 917 diligenter,

120 924 286 970 deinde
317 938 449 971 rosae
481 923 808 970 admiscentur.
861 923 929 970 :ni
960 924 1165 970 diutinos
1197 925 1362 986 capitis
1393 924 1577 971 dolores
1602 924 1710 971 salis
1744 922 1793 960 17

119 995 290 1054 integri
319 1007 552 1055 mensura,
589 999 813 1054 quantum
844 1007 1010 1039 manus
1047 993 1183 1054 plena
1220 993 1602 1055 conprehendere
1633 1009 1711 1055 po-

119 1065 250 1126 terit,
295 1064 513 1124 coquitur
559 1077 614 1108 ex
659 1062 759 1108 oleo
806 1063 1075 1126 superfuso,
1119 1066 1183 1110 ita
1229 1069 1282 1110 ut
1327 1069 1518 1124 superet
1555 1063 1711 1125 salem,

120 1132 286 1178 deinde
317 1147 424 1179 cum
455 1133 642 1178 omnino
667 1131 781 1178 nihil
804 1133 1058 1179 incurrerit
1080 1132 1136 1179 de
1162 1132 1255 1179 sale
1279 1147 1511 1195 asperum,
1541 1147 1711 1194 perun-

59 1218 99 1249 15
121 1203 279 1262 guitur
324 1201 484 1248 dolens
529 1202 694 1262 capitis
731 1215 838 1262 pars
875 1202 963 1248 hoc
1001 1202 1101 1248 oleo
1140 1217 1373 1264 superque
1411 1202 1513 1249 lana
1551 1202 1713 1249 sucida

122 1271 285 1317 eodem
322 1271 422 1318 oleo
461 1273 604 1317 tincta
640 1271 894 1331 inponitur.
969 1270 1179 1317 Sertulae
1226 1286 1473 1333 campanae
1512 1286 1710 1318 coronae
1745 1274 1795 1313 18

122 1342 329 1401 quinque
368 1355 423 1386 ex
462 1354 596 1401 passo
628 1346 674 1386 et
703 1354 820 1400 aqua
852 1340 1018 1401 frigida
1048 1342 1150 1401 pari
1179 1355 1398 1387 mensura
1428 1348 1711 1404 coquuntur,

121 1410 269 1456 donec
300 1409 667 1471 permadescant,
697 1415 797 1455 tum
827 1415 1046 1456 teruntur
1069 1410 1444 1472 admisceturque
1469 1412 1564 1471 opii
1587 1410 1710 1472 quod

122 1481 234 1526 satis
273 1481 346 1541 sit,
384 1478 454 1525 vel
490 1480 732 1539 papaveris
769 1478 970 1541 lacrima,
1010 1493 1126 1540 quae
1165 1494 1332 1540 sopora
1370 1495 1394 1526 a
1432 1480 1710 1541 quibusdam

59 1565 100 1596 20
123 1548 401 1610 appellatur,
446 1548 501 1594 ad
547 1549 780 1594 victoriati
822 1548 1005 1609 pondus
1043 1548 1254 1595 adicitur.
1314 1549 1382 1595 Ex
1420 1549 1492 1595 his
1529 1563 1711 1610 pannus

122 1624 347 1679 quantum
386 1619 496 1664 satis
534 1623 606 1664 est
640 1617 803 1664 linitur
841 1624 887 1663 et
922 1619 1160 1679 utrimque
1199 1625 1408 1679 tempora
1447 1621 1710 1680 tinguntur.

121 1687 189 1733 Ad
221 1689 388 1748 eapitis
418 1687 623 1733 dolorem
650 1701 835 1733 omnem
859 1687 1112 1734 efficaciter
1135 1688 1326 1748 prodest
1349 1687 1568 1735 bacarum
1593 1688 1714 1734 lauri
1745 1692 1795 1730 19

122 1755 162 1802 X
185 1758 405 1819 semissis,
431 1758 690 1803 scamoniae
716 1756 754 1801 X
775 1756 806 1818 I,
832 1758 956 1803 croci
980 1758 1210 1803 victoriati
1232 1757 1426 1818 pondus.
1474 1758 1712 1804 Teruntur

121 1825 236 1871 haec
274 1828 446 1887 optime
484 1840 539 1871 ex
577 1831 707 1872 aceto
747 1832 793 1871 et
829 1840 956 1888 rosa3
994 1841 1100 1872 cum
1138 1841 1255 1888 opus
1290 1833 1374 1890 est,
1412 1827 1573 1873 dolens
1603 1841 1711 1888 pars

60 1912 101 1944 25
124 1896 289 1956 capitis
333 1903 668 1956 perunguetur.
738 1894 835 1941 Hoc
873 1895 1263 1942 medicamentum
1301 1911 1548 1943 successus
1587 1898 1711 1943 miri-

122 1965 234 2011 ficos
277 1964 430 2011 habet.
500 1964 567 2010 Ad
613 1964 797 2010 dolores
842 1966 1007 2025 capitis
1052 1979 1327 2026 puerorum,
1373 1968 1570 2012 maxime
1609 1967 1710 2012 eius
1741 1970 1795 2007 20

121 2036 289 2096 partis,
328 2048 465 2095 quam
503 2033 692 2094 bregma
731 2033 896 2080 Graeci
933 2034 1183 2096 appellant,
1228 2034 1312 2081 lini
1349 2049 1507 2082 semen
1545 2038 1710 2082 tritum

123 2117 178 2150 ex
231 2118 346 2164 aqua
398 2105 624 2164 inponere
677 2109 863 2163 oportet
915 2103 983 2149 vel
1036 2103 1180 2150 olivae
1233 2104 1339 2150 folia
1390 2112 1550 2151 tenera
1603 2106 1713 2152 trita

124 2187 230 2220 cum
267 2174 372 2219 vino
411 2173 591 2219 adiecto
629 2172 765 2218 viridi
803 2172 903 2219 oleo
936 2172 1074 2219 simili
1104 2173 1238 2219 modo
1269 2188 1603 2236 superponere,
1642 2174 1713 2220 vel

61 2259 101 2290 30
125 2243 238 2304 opii,
274 2248 499 2303 quantum
529 2242 658 2288 fabae
690 2242 938 2303 AegyptIae
968 2242 1237 2302 magnitudo
1269 2250 1352 2305 est,
1384 2250 1429 2290 et
1460 2243 1566 2290 salis
1598 2243 1712 2290 duas

123 2318 280 2372 partes
324 2318 371 2358 et
414 2312 541 2372 pulei
583 2318 762 2373 partem
807 2326 945 2358 unam
990 2318 1143 2358 terere
1190 2318 1373 2372 oportet
1417 2327 1523 2359 cum
1568 2320 1713 2376 aceto,

124 2381 291 2427 deinde
334 2381 516 2428 adicere
555 2387 845 2442 unguentum
883 2396 1022 2442 supra
1061 2382 1286 2442 scriptum
1325 2389 1371 2428 et
1409 2383 1475 2429 sic
1512 2384 1713 2443 perungi

125 2450 358 2497 dolentem
401 2457 580 2511 partem
626 2453 804 2512 capitis.
874 2450 942 2496 Ad
987 2450 1226 2497 ulcuscula
1270 2453 1318 2497 in
1355 2453 1505 2513 capite
1545 2452 1712 2499 similia
1742 2458 1792 2495 21

125 2533 429 2566 mammarum
467 2520 694 2583 capitulis,
733 2535 787 2567 ex
827 2520 996 2581 quihus
1036 2522 1186 2566 sanies
1224 2528 1398 2583 manat,
1436 2521 1537 2568 radi
1574 2529 1713 2583 caput

125 2595 310 2651 oportet
368 2595 414 2636 et
465 2605 520 2637 ex
572 2592 696 2637 nitro
748 2589 908 2651 lavari3
967 2590 1173 2636 furfures
1227 2605 1411 2651 quoque
1464 2605 1519 2637 ex
1577 2591 1712 2638 melle

240 2685 260 2722 1
279 2683 465 2725 acetum.
525 2682 724 2735 opuleio.
783 2682 902 2724 trito.
963 2682 1004 2737 e]
1024 2684 1079 2724 et.
1139 2682 1432 2736 8sph0ndilii.
1488 2688 1539 2724 14
1554 2696 1712 2737 perun-

126 2736 334 2789 guibitur.
431 2742 481 2780 16
512 2738 755 2791 inponetur.
853 2742 902 2779 18
934 2737 1291 2791 admixffiturque.
1386 2744 1439 2781 20
1471 2739 1655 2793 pundus.
