1898 3016
88 1230 138 1267 10

85 1715 134 1752 11

83 2133 132 2171 12

80 2551 130 2588 13

800 114 1230 165 -62-’

177 241 310 288 dicus
357 242 540 288 adicere
586 242 750 289 solitus
797 250 896 290 erat
940 245 1080 290 etiam
1124 243 1456 306 mandragorae
1502 248 1604 293 suci
1651 273 1709 279 —
1751 246 1770 292 I

177 318 223 358 et
266 311 451 358 lentisci
497 313 598 359 suci
637 339 700 344 -—
740 312 759 358 Ι
815 327 866 359 ac
912 312 1078 359 deinde
1130 315 1373 373 permixtis
1427 315 1643 363 omnibus
1680 316 1770 362 for-

175 395 303 427 mare
342 381 530 443 collyria
569 381 638 428 vel
673 382 883 443 pastillos
921 389 1001 429 aut
1037 384 1085 428 in
1125 397 1202 429 vas
1241 390 1483 445 stagneum
1513 386 1771 432 recondere

177 458 222 497 et
253 465 358 497 cum
390 465 508 512 opus
540 458 665 498 esset
695 453 764 498 uti
795 452 850 498 ad
881 453 1234 513 inunguendum
1261 453 1333 500 vel
1357 454 1770 515 superliniendum.

174 519 259 566 Est
288 520 558 567 huiusmodi
587 521 993 584 medicamentum,
1031 522 1154 583 quod
1190 523 1575 582 perichristarion
1605 531 1771 571 vocant
1793 536 1816 568 5

175 589 359 652 Graeci,
399 591 520 651 quod
560 591 953 637 medicamentum
991 593 1102 637 satis
1141 591 1304 638 efficax
1342 599 1434 655 est,
1473 608 1563 654 quo
1601 595 1663 640 ita
1701 596 1772 640 uti

175 667 373 722 oportet,
405 666 457 706 ut
486 659 735 720 palpebrae
768 661 1003 721 suptiliter
1033 661 1141 707 inde
1174 662 1536 725 superlinantur,
1570 678 1626 709 ne
1659 663 1770 724 quid

172 731 293 775 intra
326 729 513 776 oculum
544 729 670 776 fluat.
729 730 914 791 Recipit.
944 737 1097 778 autem
1124 731 1259 778 haec:
1297 731 1432 778 Croci
1465 731 1609 778 Siculi
1631 732 1671 778 X
1695 732 1772 795 III,

172 813 380 859 magmae
419 801 546 846 croci
582 798 622 844 X
661 798 765 858 XII,
804 802 933 846 turis
961 799 1000 846 X
1030 800 1114 862 III,
1153 801 1369 847 aluminis
1407 801 1599 848 rotundi
1629 801 1668 847 X
1699 801 1771 864 VI,

172 870 250 929 opi
287 868 326 914 Χ
363 868 426 932 II,
463 883 645 930 myrrae
683 868 723 915 X
761 869 822 931 II,
865 871 1062 916 cummis
1099 869 1138 915 X
1173 870 1249 916 111.
1322 870 1390 917 Ex
1428 873 1534 917 vino
1573 870 1769 918 Falerno
1794 883 1836 913 ιο

171 945 391 985 teruntur
443 938 556 985 haec
609 938 681 985 vel
725 945 1039 1000 asperguntur
1084 945 1130 986 et
1175 954 1282 986 cum
1327 940 1445 986 bene
1490 941 1607 987 levia
1651 941 1771 988 facta

172 1015 295 1070 sunt,
326 1009 380 1054 ad
415 1009 773 1055 crassitudinem
798 1009 910 1055 boni
939 1008 1088 1055 mellis
1114 1011 1390 1072 spissantur,
1421 1010 1621 1057 adicitur
1644 1017 1768 1072 post-

172 1093 223 1124 ea
275 1080 401 1139 passi
454 1075 628 1124 Cretici
679 1078 718 1124 X
770 1078 790 1123 I
849 1085 895 1125 et
947 1081 1191 1140 reponitur
1242 1081 1291 1125 in
1342 1080 1507 1141 pyxide
1566 1087 1769 1141 stagnea.

171 1147 287 1194 Cum
333 1150 457 1195 enim
503 1162 694 1208 passum
738 1148 970 1194 adiectum
1016 1148 1178 1210 fuerit,
1223 1148 1466 1210 collyrium
1505 1151 1615 1212 erit3
1661 1164 1767 1196 nam

170 1231 226 1263 ex
270 1219 372 1277 ipso
420 1217 647 1277 superlini
692 1217 843 1264 debet.
916 1217 1042 1263 Bene
1087 1218 1196 1264 facit
1240 1218 1327 1264 hoc
1376 1219 1766 1265 medicamentum
1790 1230 1832 1262 15

170 1286 226 1332 ad
265 1286 623 1347 superlinendos
658 1287 831 1350 oculos,
872 1301 962 1348 quo
994 1287 1232 1347 Augustus
1263 1302 1378 1334 usus
1412 1294 1503 1335 est:
1541 1288 1768 1335 Aluminis

170 1357 268 1402 fissi
297 1355 337 1402 X
370 1355 462 1418 XL,
502 1358 619 1402 turis
651 1356 690 1402 X
721 1356 775 1419 X,
813 1357 936 1402 aloes
968 1356 1006 1402 X
1039 1356 1132 1419 XV,
1171 1358 1297 1404 croci
1329 1356 1367 1403 X
1397 1356 1492 1420 XV,
1529 1360 1606 1419 opi
1636 1358 1674 1404 X
1713 1357 1766 1420 II,
1852 1346 1867 1359 ⁰

169 1425 313 1486 gallae
346 1426 384 1472 X
416 1425 471 1489 X,
510 1441 643 1472 rosae
675 1426 892 1473 foliorum
923 1426 1161 1473 aridorum
1192 1426 1231 1472 X
1262 1426 1317 1489 X,
1354 1427 1635 1488 plantaginis
1666 1430 1767 1474 suci

169 1495 240 1542 vel
285 1497 477 1542 seminis
521 1495 561 1541 X
600 1495 653 1542 X.
728 1496 793 1541 Ex
847 1497 954 1542 vino
1007 1495 1204 1542 Falerno
1257 1502 1477 1543 teruntur
1529 1497 1642 1543 haec
1696 1497 1767 1543 vel

168 1573 483 1626 asperguntur
528 1573 572 1611 et
618 1580 723 1612 cum
765 1565 880 1611 levia
918 1566 1037 1612 facta
1077 1573 1184 1612 sunt
1221 1580 1273 1612 ac
1315 1566 1465 1612 mellis
1504 1567 1764 1628 spissitudi-
1788 1579 1830 1609 20

167 1650 273 1682 nem
312 1635 498 1697 habent,
536 1635 735 1682 adicitur
772 1635 845 1682 his
883 1637 1008 1696 passi
1047 1637 1277 1681 sextarius
1308 1636 1378 1681 vel
1411 1636 1534 1697 quod
1566 1636 1768 1682 sufficiat

168 1712 215 1751 et
269 1707 515 1766 reponitur
567 1706 614 1750 in
667 1719 773 1751 vaso
827 1711 1018 1765 stagneo
1070 1705 1141 1751 vel
1193 1712 1426 1766 argenteo.
1513 1705 1765 1767 Collyrium

167 1776 353 1836 nigrum
398 1775 454 1821 ab
501 1775 731 1835 Antigono
777 1782 1016 1835 repertum
1070 1774 1125 1820 ad
1172 1777 1323 1821 omnia
1370 1777 1544 1821 intacta
1589 1776 1762 1822 faciens

166 1846 356 1905 accipit:
416 1844 631 1890 Cadmiae
676 1844 714 1890 X
760 1843 926 1890 XXXV
972 1844 1024 1906 S,
1074 1844 1208 1890 stibis
1259 1844 1296 1890 X
1342 1843 1535 1906 XXIIII,
1587 1846 1764 1905 piperis

165 1913 205 1960 X
236 1914 357 1977 VIII,
396 1915 632 1974 aeruginis
670 1929 800 1960 rasae
839 1913 879 1960 X
907 1913 1027 1976 VIII,
1067 1915 1264 1960 cummis
1295 1913 1334 1959 X
1365 1913 1555 1977 XXIIII,
1592 1917 1763 1961 teritur
1785 1926 1828 1957 25

166 1998 222 2030 ex
260 1998 377 2045 aqua
415 1983 662 2044 pluviatica
700 1991 838 2045 atque
877 1984 1137 2030 conficitur.
1211 1983 1407 2030 Cosmus
1449 1983 1618 2030 adiecit
1655 1984 1764 2031 huic

165 2053 355 2115 collyrio
401 2060 678 2100 centaureae
725 2055 879 2100 tenuis
926 2056 1026 2100 suci
1063 2053 1103 2099 X
1140 2052 1201 2115 X,
1248 2053 1372 2114 quod
1417 2060 1544 2100 recte
1590 2054 1763 2100 factum

165 2138 286 2170 reor.
361 2123 625 2186 Collyrium,
664 2124 787 2184 quod
827 2123 881 2170 ad
921 2138 1104 2169 omnem
1144 2122 1412 2183 epiphoram
1452 2130 1497 2169 et
1535 2124 1762 2184 inquieta-

163 2195 339 2240 tionem
385 2199 431 2239 et
475 2199 707 2239 tumorem
755 2193 863 2239 facit
909 2193 1163 2239 sedandum
1209 2194 1307 2238 sine
1353 2192 1528 2253 dolore,
1592 2194 1762 2253 accipit

164 2263 299 2310 haec:
346 2262 674 2324 Pompholygis
711 2262 751 2308 X
790 2262 911 2325 VIII,
950 2264 1128 2309 cicutae
1168 2263 1269 2308 suci
1306 2262 1436 2323 aridi,
1474 2262 1520 2308 id
1560 2269 1631 2309 est
1669 2265 1757 2309 sic·
1780 2274 1821 2305 30

164 2335 266 2394 cati,
304 2332 343 2378 X
381 2332 459 2395 VI,
498 2334 576 2394 opi
615 2332 653 2378 X
690 2332 795 2395 IIII,
833 2333 1165 2392 mandragorae
1204 2332 1305 2377 suci
1342 2331 1461 2377 aridi
1499 2331 1538 2378 X
1569 2331 1618 2391 V,
1657 2347 1756 2378 aca-

164 2404 260 2448 ciae
292 2402 331 2448 X
363 2402 441 2462 VI,
484 2404 680 2448 cummis
712 2402 751 2448 X
782 2401 830 2463 V,
868 2403 1037 2448 teritur
1076 2415 1132 2447 ex
1169 2401 1404 2447 coriandri
1443 2403 1593 2446 teneri
1631 2416 1758 2448 suco.

163 2471 260 2518 Hoc
307 2472 549 2533 collyrium
594 2472 785 2532 prodest
823 2473 959 2517 etiam
999 2477 1128 2516 extra
1166 2470 1325 2516 oculos
1362 2478 1663 2532 perunctum,
1711 2471 1758 2518 id

163 2547 235 2587 est
272 2542 601 2588 circumlitum.
654 2541 904 2603 Collyrium
929 2539 984 2586 ab
1008 2540 1278 2601 Asclepiade
1302 2539 1358 2585 ad
1384 2540 1632 2601 epiphoras
1657 2555 1757 2602 spe-

274 2707 298 2744 3
329 2701 555 2756 pastellos.
631 2708 654 2744 6
686 2702 789 2757 quo]
822 2702 951 2754 quod.
1036 2704 1060 2742 8
1083 2700 1263 2754 recepit.
1346 2701 1491 2744 Sicoli.
1585 2707 1636 2744 27
1661 2715 1758 2744 cen-

160 2759 370 2801 tauricae.
486 2763 537 2799 29
570 2758 661 2800 sine
693 2758 889 2799 dolorem
918 2758 1027 2810 (sic).
