1898 3016
774 176 830 182 —
911 147 1152 198 166—

157 275 363 322 eduntur
399 274 540 336 idque
579 276 737 322 vinum
775 276 915 322 etiam
943 289 1126 322 merum
1158 279 1367 335 potatum
1397 275 1752 335 sanguinulenta

73 354 124 392 81
158 343 486 391 excreantibus
523 344 728 406 prodest.
791 344 1045 405 Coagulum
1086 345 1326 390 cervinum
1363 346 1459 391 sive
1490 344 1753 406 leporinum

157 416 253 461 sive
292 414 543 462 haedinum
581 416 629 461 in
666 417 857 475 potione
896 414 1100 460 solutum
1139 413 1316 460 bibitur
1353 413 1533 461 utiliter
1570 414 1626 462 ab
1658 430 1751 462 em-

155 485 306 546 pyicis
343 483 416 531 vel
453 486 767 546 aemoptyicis‚
805 485 983 530 cervini
1020 498 1206 546 quoque
1248 498 1420 530 cornus
1450 487 1603 531 exusti
1634 487 1752 531 cinis

71 563 125 602 82
155 555 205 601 in
239 555 438 615 'potione
484 554 620 601 datus
659 554 875 600 similiter
912 553 1140 601 medetur.
1205 553 1417 600 Bubulus
1455 556 1643 615 sanguis
1681 555 1750 602 vel

154 623 382 670 haedinus
421 625 610 685 sanguis
649 638 816 670 recens
848 638 955 670 cum
985 625 1087 685 pari
1115 638 1333 670 mensura
1365 625 1485 670 aceti
1515 624 1752 672 discoctus

155 695 429 754 sanguinem
474 693 802 740 excreantibus
845 693 1060 756 prodest,
1105 695 1144 740 si
1188 707 1273 754 per
1310 693 1519 740 cocleare
1559 694 1752 741 adsidue

70 773 123 811 83
155 762 444 824 degustetur.
519 763 781 826 Glutinum,
820 777 911 825 quo
951 763 1110 810 charta
1148 763 1426 825 glutinatur,
1465 763 1665 811 calidum
1704 766 1751 810 in

154 833 344 880 modum
383 832 655 880 sorbitionis
692 833 909 880 hauritur
949 833 1019 880 vel
1056 848 1111 879 ex
1149 848 1267 894 aqua
1299 833 1445 879 calida
1477 835 1751 895 sanguinem

71 912 125 950 84
156 902 485 950 excreantibus
523 903 673 950 datur.
736 902 901 950 Nuclei
938 902 1283 965 amygdalarum
1321 904 1422 949 triti
1459 918 1567 950 cum
1598 903 1750 950 amulo

155 978 203 1019 et
237 978 396 1020 menta
433 975 543 1019 trita
579 975 628 1019 in
667 972 874 1034 qualibet
911 974 1098 1033 potione
1138 973 1318 1019 utiliter
1355 971 1412 1019 ab
1451 975 1752 1035 aemoptyicis

69 1052 122 1090 85
154 1042 226 1089 vel
264 1044 486 1104 empyicis
524 1043 821 1090 hauriuntur.
879 1041 1049 1089 Semen
1087 1042 1242 1090 salicis
1281 1043 1445 1089 tritum
1482 1049 1529 1088 et
1559 1058 1615 1089 ex
1647 1045 1751 1090 vino

154 1118 340 1159 austere
379 1118 618 1174 sumptum
656 1115 929 1173 sanguinem
959 1113 1214 1159 tussientes
1246 1114 1369 1159 sistit
1399 1119 1444 1159 et
1473 1114 1639 1159 vitium
1673 1127 1751 1174 po-

69 1190 122 1228 86
154 1188 308 1228 tenter
346 1182 575 1229 emendat.
641 1182 853 1228 Hederae
889 1182 1053 1244 bacae,
1091 1196 1208 1243 quae
1248 1188 1358 1229 sunt
1395 1181 1561 1244 luteae,
1599 1184 1753 1243 inpari

153 1265 349 1298 numero
396 1253 533 1298 tritae
572 1258 618 1298 et
657 1267 712 1298 ex
759 1267 878 1313 aqua
921 1252 1078 1312 tepida
1122 1257 1258 1313 potae
1301 1251 1530 1312 pthisicos
1575 1259 1752 1299 sanant.

68 1330 121 1368 87
153 1320 336 1368 Herbae
381 1323 640 1368 vettonicae
686 1321 795 1368 folia
840 1323 888 1368 in
933 1321 1099 1368 umbra
1144 1322 1346 1368 arefacta
1391 1330 1437 1368 et
1480 1327 1618 1368 tunsa
1665 1324 1752 1369 cri-

151 1390 377 1452 brataque
416 1393 631 1453 reponito
669 1398 809 1453 atque
847 1391 956 1438 inde
989 1391 1221 1438 laboranti
1251 1391 1382 1438 vulso
1413 1392 1644 1438 victoriati
1681 1406 1751 1438 ar-

151 1464 307 1523 gentei
344 1461 528 1522 pondus
567 1476 623 1508 ex
653 1476 790 1522 passo
821 1460 1078 1508 bibendum
1109 1475 1247 1522 saepe
1277 1460 1512 1522 praebeto.
1555 1461 1751 1515 Quidam

153 1545 244 1593 quo
297 1533 536 1593 potentius
588 1531 761 1578 herbae
813 1531 954 1578 huius
1007 1530 1231 1577 auxilium
1285 1531 1516 1593 facerent,
1570 1531 1750 1578 adiecto

149 1600 287 1648 melle
311 1601 570 1648 cribratum
593 1601 834 1662 pulverem
859 1600 1302 1662 conprehenderunt
1324 1608 1463 1662 atque
1486 1601 1595 1647 inde
1620 1600 1750 1648 fabae

149 1671 471 1732 magnitudine
510 1671 741 1718 dederunt
777 1670 1096 1717 laborantibus
1134 1670 1362 1732 pthisicis,
1393 1670 1538 1717 vulsis
1569 1677 1615 1717 et
1646 1685 1752 1718 reu·

150 1742 334 1787 maticis
373 1755 561 1803 eosque,
601 1742 682 1802 qui
719 1742 859 1787 etiam
895 1740 1146 1801 purulenta
1177 1740 1470 1802 excreabant‚
1508 1740 1750 1787 incolumi-

113 1838 118 1839 ν
149 1812 235 1857 tati
273 1810 445 1858 solidae
484 1810 804 1858 reddiderunt.

66 1890 119 1928 88
291 1881 360 1927 Ad
390 1880 618 1942 pthisicos
649 1880 909 1927 remedium
941 1887 988 1926 et
1016 1894 1239 1941 praesens
1271 1885 1318 1926 et
1347 1881 1614 1943 maximum,
1644 1894 1751 1926 nam

152 1952 292 1997 etiam
337 1953 457 1997 vitae
503 1950 671 1997 dubios
717 1955 848 1997 sanat
892 1957 940 1997 et
983 1949 1154 2010 quibus
1193 1964 1300 2010 spes
1338 1963 1586 2010 superesse
1625 1949 1748 1996 nulla

151 2020 384 2067 videatur:
428 2020 552 2081 Equi
599 2020 786 2067 salivam
831 2019 904 2066 vel
948 2034 1159 2080 spumam
1199 2034 1304 2066 cum
1343 2034 1460 2080 aqua
1500 2019 1644 2065 calida
1684 2019 1749 2065 hi-

151 2089 349 2137 bendam
387 2105 472 2151 per
509 2090 717 2137 triduum
757 2089 908 2153 dabis,
948 2091 1088 2136 etiam
1127 2104 1265 2150 quem
1303 2090 1424 2135 tussi
1460 2088 1750 2135 intoleranda

152 2165 199 2207 et
237 2160 416 2207 diutina
453 2159 665 2206 laborare
696 2160 882 2222 videris,
919 2160 1007 2206 hoc
1038 2159 1245 2205 remedio
1279 2157 1520 2220 liberabis3
1558 2172 1749 2219 aegrum

152 2230 339 2291 quidem
379 2231 479 2276 sine
518 2231 816 2276 cunctatione
856 2229 1063 2292 sanabis,
1102 2228 1183 2275 sed
1220 2242 1392 2289 equum
1432 2242 1557 2274 mors
1597 2227 1748 2274 subita

67 2309 119 2347 89
151 2301 469 2361 consequitur.
521 2299 615 2346 Ova
655 2299 798 2346 cruda
836 2299 927 2346 duo
958 2301 1007 2345 in
1038 2298 1229 2345 calicem
1260 2303 1530 2359 verguntur,
1569 2311 1623 2343 eo
1655 2298 1748 2344 adi-

151 2371 342 2417 ciuntur
388 2370 479 2416 olei
520 2371 685 2430 optimi
726 2394 785 2402 —
819 2368 869 2431 V,
915 2370 1014 2430 gari
1058 2368 1186 2414 floris
1229 2393 1286 2400 -
1321 2367 1371 2429 V,
1414 2369 1539 2428 passi
1576 2366 1750 2414 Cretici

155 2465 213 2473 -—
250 2439 286 2483 V
323 2454 524 2501 cumque
562 2439 676 2486 haec
714 2442 762 2485 in
801 2439 991 2485 calicem
1030 2439 1307 2499 comeaeris,
1349 2439 1573 2497 axungiae
1619 2443 1747 2484 vetu-

264 2578 288 2614 2
320 2574 574 2626 quagulum.
690 2578 717 2614 4
747 2573 1021 2626 emoptoicis.
1138 2575 1162 2612 8
1193 2570 1473 2624 gluttinatur.
1571 2575 1621 2612 10
1652 2570 1748 2613 triti

151 2642 252 2671 cum
282 2631 459 2682 scripsi.-
504 2629 714 2671 triticum.
859 2628 1006 2670 amulo
1037 2628 1203 2670 exhibet
1231 2628 1337 2677 cod„
1370 2639 1459 2668 non
1489 2626 1668 2680 amylon
1699 2632 1748 2669 ut

154 2684 394 2727 Gornarius
424 2686 572 2728 edidit.
702 2689 750 2726 11
784 2683 1058 2738 emoptoieis.
1206 2687 1254 2723 13
1287 2685 1460 2724 austero
1493 2683 1744 2725 Cornarius.

150 2741 392 2783 tussientis.
511 2745 562 2782 15
595 2740 823 2794 tphisicos.
941 2744 991 2782 16
1022 2737 1266 2780 vetonicae.
1365 2743 1417 2780 21
1450 2738 1745 2780 reumauticis.

152 2800 205 2837 22
236 2794 571 2838 incolomitatis
645 2800 697 2837 26
730 2794 929 2837 salibam.
1007 2798 1059 2837 28
1089 2793 1300 2837 laberare.
1382 2799 1433 2835 32
1465 2793 1745 2836 vetussimae.

1775 569 1794 601 5

1775 918 1817 949 10

1776 1266 1816 1298 15

1775 1615 1815 1646 20

1773 1964 1814 1996 25

1772 2312 1812 2343 30
