1898 3016
713 109 1094 160 -157—

113 247 206 304 est,
251 240 332 287 sed
377 242 508 301 prius
545 253 742 300 corpore
780 238 1032 300 perfricato
1071 237 1172 284 oleo
1211 237 1382 301 calido3
1426 239 1620 300 prodest
1657 245 1703 285 et

114 311 209 373 his,
253 311 334 371 qui
379 311 478 355 sine
522 309 719 355 horrore
764 310 964 355 circuitu
1010 307 1211 354 febrium
1249 314 1495 371 vexantur,
1542 322 1704 370 quam·-

114 379 276 427 obrem
312 378 594 440 lexipyretos
631 378 746 424 haec
783 379 1042 439 conpositio
1081 377 1267 424 dicitur.

251 448 350 494 Alia
394 449 654 508 conpositio
699 447 757 494 ad
804 455 981 494 tussem
1026 447 1202 493 aridam
1246 453 1294 493 et
1336 447 1613 507 glutinosam
1657 454 1704 494 et

69 534 92 566 5
115 517 367 565 difficulter
403 516 752 580 excreantibus,
796 523 965 578 purgat
1008 517 1147 563 etiam
1190 518 1455 563 interaneas
1499 518 1702 563 vomicas

114 594 160 634 et
198 588 577 649 suppurationes,
614 587 783 647 accipit
819 586 953 633 haec:
1011 585 1116 632 Lini
1161 588 1372 649 seminis,
1416 587 1595 632 urticae
1633 601 1702 632 se-

113 659 273 719 miniS,
310 657 520 703 nasturci
557 657 770 718 seminis,
818 657 902 701 iris
939 654 1147 716 Illyricae
1183 655 1354 702 radicis
1392 657 1553 716 aequis
1590 670 1702 716 pon-

112 726 315 773 deribus.
370 725 494 772 Haec
530 726 578 770 in
615 724 854 785 pulverem
892 725 1042 785 redigi
1079 731 1126 771 et
1162 726 1351 771 misceri
1381 731 1566 786 oportet
1596 739 1704 772 cum

111 796 247 842 melle
291 801 338 841 et
373 796 644 855 frequenter
685 795 843 840 ieiuno
887 808 973 854 per
1010 794 1291 840 coclearium
1328 794 1440 841 dari.
1509 794 1702 841 Stercus

51 882 91 911 ιο
113 866 358 926 porcinum
401 866 578 910 siccum
615 863 858 924 inligatum
894 863 1142 924 phoenicio
1181 869 1228 909 et
1265 863 1382 909 collo
1422 878 1702 925 suspensum

113 942 291 982 tussem
327 933 702 980 molestissimam
740 932 882 979 sedat.
948 931 1124 993 Hysopi
1162 957 1228 965 —
1259 933 1294 992 Ι,
1329 939 1513 979 mentae
1552 935 1703 979 siccae

118 1030 177 1036 ——-
210 1004 244 1066 1,
280 1002 407 1064 pulei
444 1005 557 1049 sicci
591 1001 710 1064 -Ι,
747 1001 898 1048 mellis
936 1002 1119 1048 decocti
1153 1027 1211 1034 —
1239 1001 1294 1063 11,
1332 1002 1543 1048 marrubi
1578 1029 1647 1035 —
1670 1001 1704 1063 Ι,

113 1074 354 1135 papaveris
392 1098 457 1105 —
488 1071 529 1134 Ι,
575 1079 685 1118 sunt
730 1073 810 1132 qui
846 1071 1023 1118 addunt
1063 1077 1110 1118 et
1147 1071 1354 1132 sulpuris
1391 1073 1482 1117 vivi
1519 1086 1703 1118 semun-

114 1144 244 1189 ciam.
316 1141 441 1188 Haec
477 1142 587 1187 trita
624 1142 988 1202 permiscentur,
1026 1148 1079 1186 ut
1114 1140 1469 1202 pseudoliquida
1506 1143 1620 1203 sint,
1659 1147 1705 1187 et

50 1226 90 1258 15
113 1226 198 1273 per
234 1211 441 1257 cocleare
479 1211 663 1272 dantur,
699 1211 764 1256 ita
801 1215 854 1256 ut
889 1224 975 1270 per
1011 1210 1220 1256 triduum
1258 1210 1483 1257 coclearia
1522 1210 1703 1271 singula

114 1282 195 1342 qui
231 1282 371 1327 tussit
407 1281 593 1326 ieiunus
631 1281 840 1340 accipiat.
898 1278 1109 1325 Hederae
1148 1279 1255 1325 folia
1291 1281 1380 1325 tria
1413 1294 1519 1326 cum
1549 1279 1703 1326 tribus

113 1351 270 1410 granis
314 1351 491 1410 piperis
537 1364 591 1395 ex
636 1350 732 1394 vini
776 1348 939 1410 cyatho
986 1355 1033 1394 et
1075 1363 1221 1409 aquae
1266 1349 1439 1395 calidae
1478 1356 1705 1409 quantum

114 1419 314 1466 sufficiat
350 1420 499 1479 prima
537 1419 610 1464 die
649 1418 801 1480 dabis,
839 1420 1053 1478 sequenti
1091 1418 1165 1464 die
1203 1418 1310 1464 folia
1349 1419 1557 1479 quinque
1596 1433 1703 1465 cum

112 1490 270 1549 granis
301 1490 506 1549 quinque
545 1487 758 1533 similiter
787 1493 841 1534 ut
871 1501 1025 1549 supra,
1067 1490 1203 1534 tertia
1241 1488 1314 1534 die
1347 1488 1454 1534 folia
1489 1487 1567 1533 V11
1597 1502 1705 1534 cum

45 1572 90 1602 20
112 1559 269 1618 granis
305 1556 383 1602 VII
429 1557 642 1603 similiter
678 1562 731 1602 ut
768 1571 930 1618 supra,
976 1556 1056 1602 sed
1100 1558 1287 1603 infirmo
1326 1571 1381 1603 ex
1420 1556 1548 1603 calda
1586 1572 1706 1618 aqua

112 1626 264 1689 dabis;
313 1625 588 1672 mirabiliter
631 1632 808 1672 tussem
855 1627 1065 1686 quamvis
1110 1626 1352 1673 molestam
1390 1632 1437 1672 et
1473 1633 1703 1673 vetustam

112 1696 310 1743 sedabis.

251 1765 319 1811 Ad
358 1765 583 1811 diutinam
619 1770 812 1826 tussem,
851 1779 969 1824 quae
1006 1779 1261 1825 numquam
1299 1764 1470 1810 desinit
1507 1771 1554 1810 et
1591 1766 1704 1811 satis

113 1833 307 1880 molesta
353 1840 444 1896 est,
489 1834 777 1879 medicamen
814 1834 955 1880 facies
995 1836 1084 1880 sic:
1143 1833 1321 1880 Laricis
1358 1860 1427 1866 —
1457 1834 1489 1895 1,
1526 1835 1704 1895 piperis

50 1916 92 1947 25
115 1928 179 1935 —-
211 1902 247 1965 Ι,
285 1905 412 1949 croci
453 1928 511 1936 —
546 1902 579 1962 Ι,
616 1917 798 1963 myrrae
836 1928 893 1935 -—
929 1903 962 1964 Ι,
1000 1903 1229 1949 marrubii
1264 1905 1394 1949 tunsi
1430 1905 1531 1950 suci
1569 1918 1704 1965 quar-

113 1973 304 2034 tarium,
350 1973 467 2018 ficus
512 1973 659 2018 siccas
703 1978 824 2034 tres,
874 1972 1024 2018 mellis
1071 1974 1236 2033 optimi
1280 1973 1401 2033 quod
1449 1974 1562 2019 satis
1601 1987 1704 2020 esse

113 2043 430 2088 aestimaveris
466 2055 661 2102 coques,
698 2041 811 2087 haec
849 2043 1023 2102 pariter
1060 2041 1279 2088 miscebis
1316 2049 1363 2088 et
1399 2048 1615 2088 conteres
1652 2057 1704 2089 ac

114 2112 182 2156 sic
227 2113 382 2157 ieiuno
426 2111 583 2157 triduo
629 2112 851 2156 contin‘uo
897 2111 1122 2157 coclearia
1160 2111 1340 2172 singula
1377 2111 1530 2174 dabis,
1568 2114 1703 2158 mira-

114 2179 239 2226 beris
277 2179 555 2242 remedium3'
594 2180 674 2226 sed
715 2181 755 2225 si
791 2194 984 2226 necesse
1023 2180 1178 2242 fuerit,
1218 2182 1500 2227 intermissis
1539 2181 1705 2228 diebus

51 2262 91 2293 ⁸0
114 2251 285 2296 iterum
322 2264 374 2295 ac
413 2251 598 2309 saepius
636 2248 788 2311 dabis3
826 2249 914 2295 hoc
953 2251 1092 2295 etiam
1128 2249 1355 2310 pthisicos
1393 2256 1539 2297 sanat.

252 2319 321 2364 Ad
358 2325 538 2365 tussem
576 2333 631 2364 ex
668 2318 969 2379 perfrictione
1004 2318 1244 2365 collectam
1290 2319 1577 2365 medicamen
1614 2319 1704 2365 hoc

115 2388 228 2435 utile
266 2394 357 2435 est:
407 2388 539 2434 Aceti
575 2390 738 2448 optimi
774 2387 1028 2450 heminam,
1066 2402 1211 2448 aquae
1248 2388 1503 2450 heminam,
1540 2389 1708 2449 hysopi

118 2451 179 2523 ,9³
202 2457 261 2503 VI
291 2464 385 2504 tarn
416 2458 496 2504 diu
534 2472 723 2518 coques,
761 2457 908 2503 donec
946 2458 999 2503 ad
1039 2458 1335 2503 medietatem
1366 2457 1706 2520 decoquantur3

115 2533 215 2573 tum
252 2527 484 2573 heminam
522 2526 670 2573 mellis
708 2526 819 2572 boni
857 2527 1120 2588 despumati
1157 2527 1329 2573 adicies
1364 2534 1410 2574 et
1440 2527 1566 2574 lento
1597 2529 1705 2588 igne

227 2638 252 2674 3
282 2631 539 2686 lexipyreas.
654 2637 680 2673 4
710 2633 1013 2686 gluttinosam.
1104 2637 1154 2674 10
1183 2633 1381 2677 foenitio.
1473 2638 1522 2675 12
1553 2633 1703 2686 pullei.

118 2691 168 2729 15
201 2689 437 2743 coclearia]
470 2688 727 2731 cottidiana.
879 2694 931 2730 16
962 2688 1066 2742 bria]
1098 2688 1217 2731 trita.
1368 2694 1421 2731 26
1451 2690 1558 2745 tres]
1591 2702 1705 2731 aras.

54 2763 58 2766 ·
116 2748 168 2787 27
200 2743 495 2786 estimaveris:
527 2744 847 2786 existimaveris
877 2744 1131 2798 Stephanus.

1735 457 1787 494 10

1735 803 1787 840 11

1736 942 1787 980 12

1741 1288 1787 1325 13

1737 1775 1789 1811 14

1739 2327 1788 2365 15
