1898 3016
802 80 1174 130 -119—

192 210 345 271 guinis
375 209 646 269 eruptiones
676 215 722 254 et
751 207 807 254 ad
838 209 1112 254 eminentias
1150 210 1283 269 quasi
1313 208 1506 259 callosas
1544 211 1776 256 circavan-

191 277 322 340 gulos
365 279 631 338 geusiarum
669 285 715 324 et
752 278 931 325 radices
969 277 1201 341 dentium,
1247 278 1358 325 facit
1403 285 1450 325 et
1491 279 1548 326 ad
1592 286 1776 326 veretra

192 355 239 395 et
274 346 329 393 ad
367 346 590 407 longioris
627 349 852 408 temporis
889 348 1080 394 fissuras
1118 348 1166 393 in
1196 362 1298 408 ano,
1333 363 1448 409 quas
1479 349 1644 396 Graeci
1673 349 1776 396 rha-

192 416 329 478 gadas
359 416 610 478 appellant:
647 416 842 464 Chartae
873 423 1019 479 ustae,
1048 416 1228 478 plumbi
1258 419 1366 478 usti,
1397 432 1616 479 squamae
1643 419 1778 465 rubri

149 503 170 536 5
191 487 326 549 aeris,
362 487 690 547 auripigmenti
721 486 760 532 X
790 486 940 547 binos,
971 486 1175 548 sulpuris
1207 489 1295 534 vivi
1325 487 1364 534 X
1386 487 1428 550 13
1459 489 1595 534 siccis
1627 488 1699 535 his
1731 496 1778 535 et

191 555 309 602 bene
354 557 478 602 tritis
518 558 588 602 uti
625 562 831 618 oportet,
876 563 948 603 est
984 559 1108 603 enim
1146 557 1522 604 efficacissimum
1559 557 1776 604 omnibus

190 639 329 686 supra
360 626 547 686 scriptis
577 625 979 673 medicamentum.
1038 626 1242 673 Anthera
1272 627 1327 673 ad
1359 628 1565 688 gingivas
1595 635 1776 674 tumen·

189 702 259 742 tes
296 701 343 741 et
379 694 434 741 ad
472 694 629 741 ulcera
666 694 919 741 abalienata
951 698 998 741 in
1034 698 1230 742 veretris
1262 704 1308 743 et
1339 697 1395 743 ad
1426 711 1492 759 ea,
1523 698 1572 743 in
1603 696 1775 758 quibus

189 765 382 810 nimium
420 779 527 810 caro
564 765 729 811 vitiosa
767 767 1047 812 excreverit:
1106 765 1274 827 Cyperi
1311 766 1350 812 X
1380 766 1442 828 11,
1487 769 1615 812 croci
1651 765 1691 812 X
1722 766 1776 829 11,

126 851 168 883 10
190 847 371 895 myrrae
417 833 524 896 XI,
569 834 783 881 aluminis
828 835 927 881 tissi
970 834 1100 897 XII,
1147 835 1424 882 sandaracae
1470 835 1509 882 X
1546 834 1578 882 I.
1652 835 1775 882 Haec

186 904 295 949 trita
326 917 537 950 seorsum
568 910 614 950 et
643 906 692 950 in
723 919 868 950 unum
898 906 1040 951 mixta
1069 912 1365 965 reponuntur
1404 911 1451 952 et
1480 907 1603 951 sicca
1635 919 1774 966 supra

186 972 322 1019 dictis
358 974 482 1020 vitiis
520 972 812 1020 adhibentur.

853 1125 975 1172 CAP.
1014 1125 1111 1173 XII.

183 1213 436 1255 Dentium
467 1213 744 1256 doloribus
775 1215 829 1256 et
857 1214 997 1255 vitiis
1029 1225 1218 1256 eorum
1246 1214 1511 1257 universis
1540 1215 1775 1258 remedia.

249 1282 468 1336 physica
504 1285 558 1326 et
592 1283 926 1326 rationabilia.
963 1283 1174 1326 diversa
1211 1285 1277 1326 de
1314 1284 1710 1338 experimentis.

322 1389 391 1435 Ad
428 1390 636 1436 dentium
668 1390 875 1436 dolorem
907 1392 1116 1451 quamvis
1146 1390 1337 1452 plurimi
1371 1390 1528 1438 dicant
1565 1391 1774 1438 forficem

184 1458 443 1506 remedium
480 1474 581 1506 esse
619 1461 860 1520 optimum,
898 1460 1041 1506 multa
1079 1467 1234 1507 tamen
1264 1461 1381 1506 citra
1414 1459 1534 1507 hanc
1572 1462 1774 1508 necessi-

122 1545 163 1577 15
187 1534 326 1575 tatem
372 1530 470 1575 scio
514 1529 760 1589 profuisse.
834 1529 995 1591 Itaque
1041 1545 1148 1576 cum
1192 1544 1359 1576 exesus
1405 1535 1478 1576 est
1521 1530 1673 1591 aliqua
1718 1546 1773 1577 ex

183 1605 314 1658 parte
352 1598 487 1660 dens,
530 1613 621 1644 non
661 1599 832 1645 suadeo
870 1601 1086 1660 protinus
1123 1599 1400 1662 tollendum,
1438 1600 1519 1646 sed
1558 1600 1773 1647 exciden-

184 1667 294 1713 dum
339 1667 518 1728 scalpro
557 1668 840 1731 medicinali,
885 1683 974 1729 qua
1011 1676 1201 1716 cavatus
1240 1675 1330 1732 est,
1378 1670 1501 1730 quod
1540 1672 1639 1716 sine
1679 1670 1773 1716 ullo

183 1737 235 1783 fit
278 1737 457 1799 dolore3
502 1737 681 1798 reliqua
725 1740 850 1784 enim
894 1739 1038 1785 solida
1083 1754 1190 1799 pars
1236 1739 1337 1785 eius
1383 1745 1429 1785 et
1475 1741 1679 1800 speciem
1729 1747 1775 1786 et

184 1820 321 1852 usum
358 1807 511 1853 dentis
548 1807 814 1867 praestabit.
872 1807 964 1854 Sed
994 1823 1101 1855 cum
1131 1808 1264 1855 dolor
1302 1808 1502 1871 urgebit,
1540 1811 1665 1855 varie
1704 1824 1774 1856 se-

121 1892 161 1921 20
185 1875 364 1922 dandus
401 1883 472 1922 est
508 1878 677 1937 partim
715 1876 965 1923 collutione
997 1878 1304 1939 quorundam,
1340 1879 1511 1938 partim
1541 1893 1773 1925 comman-

183 1945 450 2007 ducatione‚
495 1960 845 2007 nonnumquam
882 1947 1117 1994 suffitione
1163 1955 1244 1994 aut
1279 1949 1562 2009 inpositione
1599 1948 1774 2009 aliquo-

183 2029 287 2060 rum
337 2015 665 2062 remediorum.
738 2015 934 2063 Prodest
987 2031 1097 2077 ergo
1151 2017 1354 2064 colluere
1399 2031 1451 2064 os
1499 2018 1773 2079 frequenter

182 2083 338 2130 radice
374 2084 546 2131 herbae
585 2086 930 2147 quinquefoliae
961 2088 1169 2133 incoctae
1200 2089 1327 2149 vino,
1365 2088 1477 2133 item
1513 2087 1659 2134 herba
1696 2102 1772 2134 ur-

183 2153 353 2200 ceolari
399 2160 446 2200 et
497 2157 709 2215 cupressi
759 2155 887 2202 bacis
939 2170 1056 2217 aqua
1101 2159 1318 2219 incoctis3
1371 2156 1534 2203 alterci
1585 2171 1772 2218 quoque

119 2237 159 2268 25
182 2222 313 2269 radix
348 2223 467 2270 bene
505 2225 674 2285 accipit
711 2232 791 2272 aut
828 2225 1037 2271 eiusdem
1075 2240 1233 2272 semen
1268 2226 1456 2272 linteolo
1489 2228 1640 2287 spisso
1670 2226 1772 2273 inli-

161 2300 338 2352 ‚gatum
382 2299 428 2339 et
471 2308 589 2354 aqua
634 2296 818 2355 saepius
863 2295 1236 2357 infervefactum,
1289 2297 1428 2342 etiam
1477 2310 1619 2342 sucus
1672 2297 1772 2343 eius

182 2369 346 2422 tepens
376 2362 593 2410 dentibus
624 2363 860 2411 adhibitus
890 2364 1143 2426 plurimum
1175 2365 1383 2426 prodest.
1430 2365 1588 2412 Suffiri
1618 2373 1772 2413 autem

181 2430 343 2477 dentes
381 2439 565 2492 oportet
602 2448 682 2480 ore
721 2434 940 2495 adaperto
978 2435 1140 2481 alterci
1177 2436 1353 2481 semine
1384 2434 1664 2482 carbonibus
1694 2435 1775 2481 ad-

181 2502 332 2560 posito
370 2508 507 2563 atque
546 2502 743 2550 subinde
774 2518 826 2550 os
857 2503 1061 2551 colluere
1094 2518 1212 2566 aqua
1243 2504 1403 2568 calida,
1440 2506 1489 2550 in
1520 2519 1609 2566 qua
1641 2505 1773 2551 radix

293 2666 317 2703 3
347 2663 542 2705 racadas.
654 2670 678 2707 6
709 2665 775 2706 uti
804 2679 882 2708 om.
975 2671 997 2707 7
1028 2665 1463 2708 medicamentorum.
1597 2672 1648 2708 21
1682 2666 1770 2708 suf-

180 2715 362 2758 fusione.
476 2723 528 2761 27
559 2720 731 2775 tepens]
763 2725 962 2775 ptepens.

1807 638 1860 675 38
