1930 3008
161 241 185 278 9

135 519 185 556 10

134 588 184 625 11

133 797 183 834 12

131 1006 182 1044 13

132 2178 185 2215 14

826 99 1203 150 —294—

358 226 426 274 Ad
464 228 613 274 tineas
651 227 891 275 necandas¹
921 228 1182 275 remedium
1220 234 1490 289 competens
1528 230 1616 277 sic:
1653 229 1811 277 Filicis

215 298 386 345 radicis
425 297 600 360 aridae,
639 295 851 344 nasturci
888 298 1079 344 seminis
1114 296 1155 343 X
1194 303 1433 361 septenoS,
1471 299 1705 346 coriandri
1742 313 1812 347 se-

215 368 356 414 minis
400 366 441 413 X
477 365 527 430 V,
572 367 684 414 nitri
729 366 769 413 X
798 367 853 413 11.
918 366 1042 414 Haec
1087 369 1240 414 omnia
1284 368 1395 414 trita
1438 367 1608 415 dantur
1653 370 1811 416 ieiuno

216 451 325 484 cum
362 451 506 498 aquae
545 436 722 483 mulsae
759 436 958 483 hemina.

356 505 464 553 Mali
500 506 666 553 Punici
703 520 846 552 sucus
883 506 1054 553 radicis
1092 506 1164 553 vel
1201 506 1419 554 foliorum
1452 507 1660 555 eiusdem
1691 522 1809 570 aqua
1833 521 1853 553 5

216 575 439 623 decoctus
476 577 702 637 potuique
741 590 848 622 cum
887 575 980 623 sale
1018 575 1153 623 datus
1190 578 1340 624 tineas
1377 583 1526 624 necat.
1584 577 1813 625 Marrubii

216 651 263 692 et
307 645 542 693 absenthii
587 651 633 691 et
677 645 946 706 lupinorum
991 647 1120 707 paria
1164 646 1372 707 pondera
1414 649 1464 693 in
1509 661 1628 708 aqua
1664 647 1813 694 mulsa

215 722 348 762 cocta
391 716 549 762 ieiuno
595 714 667 762 bis
713 720 792 762 aut
836 721 910 762 ter
952 717 1087 778 potui
1131 715 1237 762 data
1281 716 1528 764 adversum
1572 719 1721 764 tineas
1767 722 1813 764 et

213 784 469 832 lumbricos
514 784 770 846 plurimum
812 792 1025 845 prosunt.
1091 784 1258 832 Farina
1306 785 1575 847 lupinorum
1621 787 1813 834 decocta

215 868 272 901 ex
316 869 436 916 aqua
481 861 528 901 et
571 869 701 901 more
746 854 1087 915 cataplasmatis
1128 857 1280 902 ventri
1317 857 1518 917 inposita
1555 856 1811 903 lumbricos
1835 870 1875 900 ιο

213 923 285 971 vel
321 925 471 971 tineas
509 930 658 971 necat.

354 994 423 1040 Ad
466 993 722 1040 lumbricos
768 999 815 1040 et
858 994 1007 1040 tineas
1053 993 1287 1040 eiciendas
1335 995 1596 1041 remedium
1643 1001 1811 1056 potens

214 1065 304 1110 sic:
362 1063 494 1126 Ervi‚
545 1062 745 1110 filiculae
794 1063 977 1109 radices
1022 1068 1242 1123 purgatas
1290 1063 1347 1110 ad
1397 1066 1559 1111 uncias
1605 1065 1812 1125 singulas

214 1147 429 1180 seorsum
465 1132 635 1179 tundes
673 1132 792 1179 bene
830 1133 879 1178 in
916 1132 1008 1192 pila
1045 1131 1212 1195 lignea,
1251 1132 1419 1180 deinde
1453 1133 1626 1180 adicies
1657 1133 1811 1181 inulae

213 1202 387 1249 radicis
434 1196 495 1268 9-
531 1201 653 1264 V111,
699 1202 974 1248 ammoniaci
1006 1203 1204 1248 unciam
1250 1208 1296 1249 et
1340 1203 1575 1250 coriandri
1619 1205 1811 1251 seminis
1834 1216 1874 1249 15

212 1286 403 1318 manum
440 1271 625 1333 plenam
662 1276 709 1317 et
740 1270 922 1319 euforbi
954 1270 993 1317 X
1022 1270 1097 1317 ΙΙΙ.
1156 1270 1250 1318 Has
1282 1286 1442 1319 omnes
1473 1274 1653 1334 species
1685 1288 1811 1320 seor—

213 1340 320 1388 sum
358 1347 575 1388 conteres
611 1340 732 1387 bene
764 1355 914 1402 usque
945 1340 1001 1387 ad
1032 1355 1260 1387 summam
1291 1341 1526 1389 levitatem
1557 1349 1604 1389 et
1633 1344 1674 1389 si
1703 1345 1811 1389 viri-

213 1411 285 1458 dis
324 1411 468 1458 fuerit
503 1411 636 1457 radix
665 1410 880 1472 filiculae,
919 1410 1103 1471 quando
1135 1410 1260 1457 illam
1290 1411 1475 1475 tundes,
1512 1426 1678 1459 sucum
1709 1414 1811 1459 eius

214 1482 447 1543 exprimes
485 1487 532 1527 et
567 1482 722 1542 ipsum
756 1479 1048 1527 admiscebiS.
1101 1479 1263 1527 Facies
1293 1481 1461 1542 pilulas
1491 1482 1810 1543 magnitudine

213 1565 280 1613 ea,
319 1565 410 1612 qua
447 1565 533 1596 ano
571 1551 685 1597 inici
720 1551 916 1611 possint,
953 1551 1171 1611 ipsasque
1202 1550 1345 1597 factas
1376 1551 1595 1598 infundes
1627 1553 1675 1598 in
1710 1566 1809 1599 cer·
1833 1565 1874 1596 20

211 1621 366 1667 vesiae
411 1634 555 1666 novae
602 1621 816 1666 sextariis
861 1619 1045 1666 duobus
1090 1625 1137 1666 et
1181 1619 1330 1666 mellis
1376 1620 1561 1683 cyath03
1608 1621 1732 1682 quod
1771 1622 1811 1667 si

211 1691 262 1737 in
307 1704 360 1736 ea
404 1691 645 1750 provincia
689 1689 953 1736 faciendum
998 1689 1140 1735 fuerit
1180 1689 1268 1736 hoc
1307 1689 1719 1753 medicamentum,
1762 1692 1811 1736 in

214 1774 305 1821 qua
343 1761 540 1806 cervisia
577 1773 672 1805 non
711 1766 801 1822 est,
843 1774 898 1806 ex
936 1773 1056 1820 aqua
1093 1758 1239 1822 dabis,
1275 1761 1324 1806 in
1366 1774 1455 1820 qua
1491 1765 1642 1821 myrta
1679 1766 1810 1807 cocta

214 1831 275 1877 sit
312 1829 368 1876 ad
406 1830 635 1876 sextarios
666 1829 797 1892 duos,
834 1835 914 1875 aut
944 1843 1052 1875 cum
1083 1842 1219 1890 sapae
1250 1830 1421 1876 mixtae
1452 1830 1667 1876 sextariis
1698 1829 1810 1876 duo-

212 1898 303 1946 bus
341 1906 480 1961 atque
519 1913 575 1945 ex
614 1913 668 1945 eo
707 1898 990 1960 temperabis
1028 1899 1266 1959 potionem
1302 1906 1349 1946 et
1379 1898 1510 1945 dabis
1539 1898 1810 1962 bibendam3
1833 1911 1874 1943 25

213 1970 337 2015 intra
373 1969 513 2016 horas
550 1968 634 2015 IIII
671 1968 839 2015 deiciat
871 1974 1055 2030 oportet
1084 1968 1364 2015 vermiculos
1395 1968 1467 2029 vel
1497 1969 1667 2032 tineas;
1705 1974 1812 2016 ante

212 2038 423 2085 triduum
470 2053 580 2085 sane
623 2038 809 2085 iubebis
854 2053 962 2085 eum
1007 2037 1152 2085 cibari
1189 2038 1278 2084 alio
1316 2045 1363 2085 et
1398 2053 1517 2098 pane
1554 2052 1639 2098 per
1677 2052 1726 2085 se
1765 2044 1813 2085 et

213 2108 536 2155 tantummodo
574 2122 763 2169 poscam
800 2107 975 2154 bibere.

355 2177 678 2225 Inssationibus
723 2179 1054 2225 intestinorum
1099 2177 1293 2238 prodest
1328 2176 1401 2223 vel
1438 2175 1693 2237 serpullum
1729 2191 1811 2238 po-

214 2253 318 2295 tum
355 2262 411 2295 ex
449 2249 554 2295 vino
593 2249 726 2309 nigro
758 2247 830 2294 vel
860 2248 1101 2294 cuminum
1131 2246 1391 2293 silvaticum
1420 2247 1584 2292 tritum
1615 2260 1670 2291 ex
1701 2248 1807 2292 vino
1832 2259 1873 2289 30

213 2318 349 2379 nigro
387 2317 460 2364 vel
497 2332 615 2379 aqua
654 2323 761 2379 pota
799 2318 1005 2380 apiastri,
1045 2316 1170 2378 quod
1208 2316 1373 2362 Graeci
1410 2316 1591 2361 erotion
1628 2322 1810 2378 vocant,

213 2401 300 2448 per
345 2401 394 2433 se
436 2387 542 2434 data
578 2387 651 2434 vel
688 2402 831 2434 sucus
869 2388 971 2433 eius
1008 2388 1115 2433 vino
1152 2386 1326 2432 mixtus
1362 2384 1436 2430 vel
1472 2385 1653 2445 origani
1689 2385 1810 2431 radi-

215 2471 293 2503 ces
340 2463 596 2504 contunsae
647 2457 704 2503 ad
750 2456 789 2502 X
835 2455 854 2502 I
900 2471 956 2502 ex
999 2457 1107 2502 vino
1152 2455 1283 2502 datae
1329 2453 1400 2500 vel
1444 2459 1548 2500 ruta
1594 2455 1705 2501 trita
1753 2469 1811 2501 ex

215 2539 362 2586 aquae
408 2526 585 2588 cyathis
630 2526 714 2572 [ΙΙΙ
758 2532 867 2587 pota
912 2525 984 2571 vel
1029 2524 1238 2571 eiusdem
1284 2523 1475 2570 decocta
1518 2523 1650 2570 radix
1702 2538 1808 2571 cum

357 2636 381 2672 2
411 2632 661 2675 nasciturci.
793 2637 817 2674 6
848 2632 979 2674 datur
1005 2633 1168 2673 teneas.
1298 2629 1524 2671 marruuii.
1655 2634 1679 2671 9
1709 2641 1808 2683 pro-

216 2686 335 2740 sunt]
366 2688 558 2740 prodest.
684 2692 735 2729 13
766 2686 1013 2728 filiciculae.
1139 2689 1189 2726 15
1221 2684 1406 2726 radices
1530 2689 1582 2727 18
1613 2684 1809 2740 quando]

215 2742 449 2793 quomodo.
566 2747 619 2784 20
651 2743 874 2785 cervesiae
903 2755 1030 2784 nova.
1147 2746 1200 2782 23
1233 2739 1420 2783 cervisia
1448 2741 1488 2782 h.
1520 2741 1545 2783 l.
1577 2742 1651 2783 sie.
