1898 3016
765 52 1207 128 -228-'

159 212 257 269 vet,
302 211 355 252 ut
400 204 479 251 illo
516 205 673 251 triduo
711 206 994 266 purissimus
1033 210 1080 252 et
1117 205 1461 267 digestissimus
1499 206 1560 251 sit
1596 211 1644 251 et
1679 205 1760 252 fri-

158 277 313 337 gidam
342 289 437 321 non
467 274 597 322 bibat
627 289 781 336 neque
821 275 993 322 salsum
1024 274 1199 336 aliquid
1230 281 1310 322 aut
1338 274 1473 322 dulce
1496 275 1758 323 manducet.

77 357 129 394 25
161 345 313 392 Violas
358 352 568 406 agrestes
615 346 712 392 sive
758 345 996 392 silvestres
1041 351 1260 392 conteres
1304 351 1352 392 et
1397 359 1563 392 sucum
1600 360 1760 392 earum

163 431 268 463 cum
298 416 403 476 pari
431 415 640 476 pondere
670 414 821 461 mellis
852 415 1086 475 decoques
1117 422 1164 462 et
1194 429 1251 461 ex
1285 430 1339 462 eo
1370 414 1597 462 coclearia
1626 421 1762 462 terna

161 488 319 532 ieiuno
358 485 414 531 ad
453 484 575 531 diem
613 486 852 531 iecoritico
884 484 1036 548 dabis3
1075 484 1132 531 ad
1161 484 1321 531 lateris
1352 490 1507 532 autem
1537 484 1760 549 dolorem,
1782 495 1803 528 5

163 557 203 602 si
240 570 296 602 ex
333 555 505 601 iecoris
544 569 683 600 causa
720 555 883 618 fuerit,
923 554 1073 616 thymi
1110 555 1340 616 scripulos
1378 555 1495 602 duos
1532 561 1579 604 et
1615 569 1761 617 aquae

163 626 453 687 quartarium
493 624 737 670 dimidium
774 625 961 671 ieiunus
998 624 1141 672 bibet.

78 704 131 742 2⁴3
306 694 590 755 Compositio
629 694 951 741 medicaminis
990 695 1046 741 ad
1082 697 1235 759 iecur,
1279 695 1402 757 quod
1440 695 1514 742 dia
1550 701 1763 742 tessaron

162 764 358 811 dicitur:
396 763 528 810 Costi
565 789 632 797 —
662 763 696 827 I,
733 764 1026 825 faenograeci
1062 791 1133 798 —-
1160 764 1194 827 I,
1230 765 1385 812 inulae
1422 765 1593 812 radicis
1628 791 1687 800 —-
1728 764 1762 828 I,

161 833 355 881 feniculi
384 834 555 880 radicis
579 859 647 866 —
670 834 703 881 Ι.
754 833 880 881 Haec
911 836 1065 882 omnia
1095 836 1346 896 separatim
1377 835 1624 896 diligenter
1653 842 1762 882 tun-
1786 846 1827 877 10

163 904 245 951 des
291 909 339 950 et
384 903 614 950 cribrabis
660 910 708 950 et
751 904 1135 951 delicatissimum
1179 905 1421 966 pulverem
1468 905 1762 952 mensurabis

163 981 210 1021 et
255 979 418 1034 postea
463 973 794 1036 permiscebis,
846 975 928 1021 sed
977 976 1026 1021 in
1071 974 1166 1021 sole
1212 976 1367 1022 omnia
1411 975 1531 1022 bene
1575 976 1763 1038 siccato,

165 1049 416 1104 antequam
453 1044 735 1107 contundas‚
780 1050 828 1090 et
869 1045 919 1091 in
964 1058 1058 1091 una
1099 1046 1288 1106 potione
1327 1044 1536 1092 cocleare
1572 1045 1765 1106 plenum

162 1115 319 1175 mitte3
366 1127 478 1159 sano
526 1128 583 1159 ex
627 1115 757 1175 vino,
802 1113 1087 1161 febricitanti
1132 1128 1188 1161 ex
1233 1129 1352 1176 aqua
1397 1114 1543 1161 calida
1585 1115 1659 1161 vel
1707 1128 1765 1162 ex

162 1182 314 1230 mulsa
352 1197 492 1244 aqua,
530 1188 584 1229 ut
619 1189 831 1229 ventrem
870 1183 1030 1246 solvat,
1068 1185 1202 1245 potui
1238 1185 1395 1231 ieiuno
1431 1199 1517 1246 per
1554 1184 1764 1232 triduum
1788 1195 1828 1227 1⁵

164 1251 318 1314 dabis,
363 1254 426 1298 ita
464 1258 517 1299 ut
555 1259 744 1313 accepta
781 1255 972 1314 potione
1008 1255 1057 1300 in
1096 1254 1261 1301 dextro
1298 1254 1444 1302 latere
1482 1254 1764 1316 aliquamdiu

163 1324 312 1369 iaceat
344 1328 390 1368 et
412 1328 574 1383 postea
598 1323 679 1370 diu
702 1322 969 1370 deambulet
999 1329 1046 1370 et
1073 1323 1415 1385 digestissimus
1439 1324 1569 1372 cibos
1593 1330 1765 1387 sumat3

164 1392 255 1439 hoc
293 1392 502 1438 remedio
541 1394 706 1439 scitote
744 1393 860 1439 nihil
895 1408 997 1440 esse
1028 1396 1358 1458 praestantius,
1396 1396 1535 1441 etiam
1566 1396 1607 1441 si
1636 1395 1764 1441 femi-

163 1463 251 1525 nis,
291 1462 373 1508 sed
410 1477 504 1509 non
541 1462 907 1524 praegnantibus
946 1463 1097 1510 detur.

79 1543 131 1580 27
306 1531 372 1578 De
402 1532 557 1578 medio
589 1547 694 1579 osse
726 1534 895 1595 sepiae,
927 1533 1051 1594 quod
1075 1539 1148 1580 est
1170 1533 1321 1596 molle,
1351 1533 1592 1594 pulverem
1622 1533 1765 1580 facies
1788 1545 1829 1576 2⁰

166 1607 214 1648 et
243 1603 292 1647 in
322 1603 547 1649 mixtione
579 1602 755 1649 conditi
786 1604 951 1663 optimi
983 1604 1223 1650 iecoritico
1254 1605 1411 1650 ieiuno
1441 1618 1527 1666 per
1555 1603 1767 1650 triduum

167 1670 316 1733 dabis,
352 1672 417 1718 ita
446 1677 500 1718 ut
528 1674 577 1718 in
608 1672 772 1719 dextro
802 1672 948 1719 latere
987 1673 1269 1734 aliquamdiu
1300 1675 1463 1737 iaceat,
1499 1688 1607 1720 cum
1637 1688 1766 1720 acce-

85 1751 137 1788 28
169 1742 306 1806 perit,
344 1747 390 1788 et
426 1747 590 1803 postea
628 1742 891 1789 diutissime
930 1743 1208 1790 deambulet.
1277 1743 1347 1790 Ad
1383 1744 1605 1790 iocineris
1642 1742 1767 1790 dolo-

170 1826 271 1858 rem
300 1812 561 1859 remedium
593 1813 682 1859 sic:
718 1812 980 1860 Intiborum
1012 1815 1113 1860 suci
1135 1814 1363 1876 heminae,
1401 1827 1546 1874 aquae
1577 1812 1767 1875 cyathos

170 1889 267 1928 tres
304 1881 526 1928 miscebis
563 1882 704 1928 simul
740 1889 787 1929 et
824 1882 1025 1930 calidum
1063 1883 1209 1946 dabis,
1246 1883 1394 1930 donec
1427 1888 1580 1930 totum
1609 1882 1767 1930 triduo
1790 1892 1832 1925 25

171 1950 467 2015 perbibatur3
506 1952 631 2012 quod
670 1954 710 1998 si
740 1967 796 1998 ex
825 1954 928 2014 ipso
959 1953 1119 1999 dolore
1150 1955 1227 2000 cui
1256 1953 1538 2000 medendum
1570 1959 1640 1999 est
1669 1959 1767 2000 tur-

173 2021 310 2081 gidus
356 2027 403 2068 et
451 2021 713 2082 indigestus
765 2023 929 2086 fuerit,
979 2038 1175 2084 porrum
1227 2024 1479 2084 capitatum
1529 2024 1768 2069 incoctum

89 2100 140 2137 29
171 2090 435 2138 manducet.
509 2091 784 2139 Gentianam
829 2107 885 2138 ex
922 2107 1060 2153 passo
1098 2092 1333 2154 decoques
1371 2098 1417 2139 et
1451 2094 1609 2139 ieiuno
1646 2094 1768 2138 ieco-

87 2170 141 2207 30
171 2162 308 2207 ritico
345 2175 432 2223 per
461 2161 673 2208 triduum
702 2161 951 2208 bibendam
981 2162 1125 2210 dabis.
1169 2162 1350 2224 Piperis
1381 2161 1472 2208 albi
1501 2175 1643 2222 grana
1673 2160 1768 2223 XL,

170 2230 325 2278 salicis
363 2230 472 2278 folia
509 2231 564 2277 ad
602 2231 723 2278 hanc
760 2246 1042 2296 mensuram,
1079 2239 1133 2280 ut
1163 2231 1411 2280 fasciculus
1441 2233 1567 2278 inter
1597 2231 1767 2292 digitos
1790 2241 1831 2271 30

171 2300 290 2347 duos
325 2307 372 2348 et
400 2300 618 2362 pollicem
648 2307 878 2366 teneatur,
913 2304 1180 2350 cucumeris
1211 2316 1396 2363 quoque
1427 2307 1653 2362 quantum
1683 2302 1767 2347 tri-

170 2369 260 2417 hus
305 2371 463 2432 digitis
509 2371 672 2418 tollere
717 2374 929 2433 potueris
974 2379 1169 2419 contere
1209 2374 1258 2418 in
1299 2385 1445 2418 unum
1482 2377 1528 2417 et
1564 2384 1650 2432 per
1685 2372 1767 2417 tri-

175 2440 320 2487 duum
356 2442 599 2488 iecoritico
636 2443 793 2488 ieiuno
832 2442 889 2488 da
926 2457 982 2489 ex
1019 2457 1137 2504 aqua
1175 2441 1321 2488 calida
1357 2439 1627 2487 bibendum.

90 2518 141 2555 31
316 2510 445 2558 Costi
474 2514 776 2574 semunciam,
807 2511 932 2559 aloes
963 2511 1197 2574 epatitidis
1232 2536 1291 2544 —
1318 2510 1352 2573 I,
1385 2510 1636 2557 mastiches
1667 2524 1768 2571 gra-

173 2593 343 2627 norum
374 2607 442 2613 —
471 2580 527 2644 II,
565 2583 796 2644 eupatorii
827 2607 892 2615 —-
923 2582 956 2644 I,
992 2583 1169 2642 piperis
1207 2607 1262 2613 —
1297 2580 1353 2644 II,
1384 2582 1552 2627 amomi
1582 2594 1766 2627 semun-
1789 2586 1830 2619 35

315 2733 368 2770 34
378 2728 499 2771 Costi
515 2729 804 2786 semunciam]
818 2731 872 2783 cf.
886 2730 1004 2773 Ptin.
1020 2731 1071 2773 de
1087 2742 1132 2773 re
1147 2730 1252 2774 med.
1263 2729 1316 2782 II,
1330 2734 1379 2772 17
1390 2730 1469 2784 (ed.
1479 2729 1580 2772 Αἶά,
1585 2729 1772 2783 191798).
