1930 3008
837 107 1211 157 —290—

140 244 222 282 130
367 233 635 295 Serpullum
671 234 728 281 ad
765 234 949 296 pondus
986 236 1219 282 victoriati
1255 237 1466 296 argentei
1500 237 1665 283 tritum
1698 236 1818 283 bene

226 303 398 350 valenti
434 319 490 350 ex
528 305 657 367 vino,
698 303 1006 351 febriculento
1045 319 1100 351 ex
1138 318 1255 366 aqua
1291 306 1424 366 potui
1461 305 1619 353 datum
1657 320 1819 353 omnes

225 375 404 420 ventris
442 372 627 420 dolores
669 373 813 421 sedat.

140 455 219 493 131
364 442 631 490 Humanum
660 442 825 489 lotium
856 448 989 489 vetus
1020 443 1200 490 adiecto
1231 444 1359 490 croci
1387 444 1585 507 modico,
1621 451 1674 492 ut
1704 445 1820 491 odor

225 514 327 559 eius
372 512 658 574 occultetur,
700 514 935 573 ignoranti
978 514 1112 573 potui
1148 512 1309 559 datum
1346 512 1601 574 quamlibet
1636 520 1819 561 veteres
1841 531 1862 563 5

223 583 273 628 in
317 581 576 628 visceribus
621 581 820 628 latentes
866 581 1056 628 morbos
1108 582 1313 645 sanabit3
1363 585 1540 629 vomitu
1584 584 1708 630 enim
1751 585 1821 630 in-

223 650 364 698 ritato
411 656 458 697 et
495 650 805 698 eiectionibus
843 652 1088 698 concitatis
1126 666 1262 698 omne
1299 653 1464 699 vitium
1500 652 1707 700 valenter
1744 667 1820 699 ex-

224 726 407 782 purgat.
926 773 928 775 ,

140 801 220 839 132
365 789 425 836 Ut
462 789 695 850 explorari
731 792 892 853 possit,
931 805 987 836 ex
1024 789 1275 837 latentibus
1313 790 1490 838 morbis
1528 793 1610 852 qui
1641 793 1701 838 sit
1729 791 1822 853 ille,

225 861 307 921 qui
342 865 478 906 vexat
514 860 767 922 infirmum,
805 859 1217 921 conprehendique
1255 861 1451 921 qualitas
1489 862 1590 908 vitii
1631 867 1677 907 et
1712 875 1821 922 pars
1845 878 1886 908 10

223 931 456 975 viscerum
502 931 671 989 possit,
718 929 899 975 catulus
941 929 1061 976 fetae
1099 932 1227 976 canis
1264 929 1441 977 lactens
1480 930 1554 977 die
1593 945 1646 977 ac
1683 936 1822 977 nocte

224 1013 332 1045 cum
377 1013 430 1044 eo
476 1000 557 1059 qui
599 997 778 1045 laborat
822 998 1086 1058 accumbat3
1134 1001 1174 1046 is
1222 1005 1386 1060 postea
1431 1006 1589 1046 sectus
1632 1001 1821 1061 inspici-

223 1073 302 1114 tur
346 1067 694 1128 translatusque
738 1069 787 1113 in
825 1082 879 1114 eo
918 1068 1109 1114 morbus
1145 1068 1270 1115 haud
1308 1068 1497 1115 difficile
1533 1074 1722 1115 notatur
1758 1071 1821 1115 ita

223 1143 401 1199 tamen,
447 1142 500 1183 ut
544 1150 683 1197 aeger
727 1138 772 1183 ei
814 1136 885 1183 lac
930 1137 987 1183 de
1025 1151 1109 1183 suo
1155 1152 1236 1183 ore
1275 1138 1547 1199 frequenter
1585 1137 1822 1200 infundat3

223 1221 329 1253 eum
374 1212 531 1252 tamen
569 1205 797 1269 catulum,
841 1221 947 1253 cum
993 1206 1136 1253 fuerit
1173 1213 1411 1270 exsectus,
1456 1207 1593 1254 obrui
1637 1213 1820 1268 oportet
1845 1222 1885 1254 15

222 1290 310 1322 nec
348 1275 405 1322 ab
442 1289 495 1322 re
533 1281 625 1337 est,
676 1277 716 1322 si
759 1275 917 1322 triduo
958 1275 1082 1338 idem
1121 1276 1304 1323 catulus
1341 1278 1501 1323 vivens
1539 1292 1647 1323 cum
1684 1291 1822 1338 aegro

222 1351 427 1406 maneat3
471 1346 636 1392 vitium
678 1347 803 1391 enim
847 1346 976 1407 aegri
1018 1347 1220 1392 transire
1264 1348 1313 1392 in
1359 1361 1465 1393 eum
1511 1361 1660 1408 usque
1708 1347 1823 1393 adeo

223 1420 407 1461 certum
437 1420 523 1476 est,
560 1420 613 1461 ut
643 1416 870 1462 moriatur
901 1415 1082 1462 catulus
1111 1415 1443 1477 hominemque
1473 1415 1648 1463 morbis
1678 1415 1822 1463 laten-

225 1483 353 1531 tibus
390 1483 581 1530 relevet.

140 1564 219 1602 133
363 1553 433 1599 Ad
471 1553 780 1614 dysintericos
819 1552 1067 1599 solitaneos
1105 1554 1309 1600 cocleam
1345 1554 1529 1614 plenam
1563 1568 1671 1601 cum
1702 1560 1820 1601 testa
1846 1570 1887 1600 20

223 1637 307 1670 sua
338 1624 485 1669 vivam
517 1628 657 1685 teres,
689 1622 744 1668 ad
775 1623 910 1669 cuius
943 1622 1128 1683 pondus
1158 1623 1279 1669 infra
1310 1625 1483 1684 scripta
1514 1625 1625 1670 trita
1654 1625 1820 1670 misce-

224 1691 317 1755 bis,
361 1692 409 1738 id
457 1697 529 1738 est
575 1693 699 1738 casei
743 1693 916 1738 veteris
962 1698 1187 1753 quantum
1231 1699 1303 1739 est
1343 1692 1526 1739 cocleae
1564 1692 1822 1755 dimidium,

224 1764 298 1808 ovi
334 1761 585 1808 medullam
622 1763 671 1807 in
709 1767 839 1807 aceto
879 1768 1072 1823 coctam,
1109 1776 1274 1823 panem
1307 1762 1555 1809 candidum
1586 1768 1821 1808 vetustum

222 1831 297 1877 vel
333 1836 510 1878 tostum
547 1830 640 1894 vel,
678 1830 802 1891 quod
840 1837 912 1877 est
948 1831 1137 1894 melius,
1174 1833 1437 1893 nauticum,
1474 1839 1649 1894 rutam,
1686 1833 1821 1892 piper

225 1915 281 1947 ex
318 1902 447 1963 vino3
486 1900 610 1962 quod
649 1914 756 1946 cum
792 1901 925 1961 prius
961 1900 1085 1947 ferro
1117 1900 1335 1956 candenti
1365 1901 1648 1964 calefeceris,
1684 1902 1820 1961 potui
1842 1915 1884 1946 25

228 1971 328 2016 sine
366 1984 484 2031 aqua
522 1968 825 2033 ministrabiS‚
865 1970 945 2016 sed
978 1976 1025 2016 et
1054 1969 1191 2017 bacas
1223 1979 1425 2032 myrteas
1456 1970 1641 2017 adicies.
1697 1969 1820 2016 Haec

228 2041 382 2085 omnia
421 2045 637 2086 conteres
675 2044 722 2085 et
758 2040 807 2085 in
844 2041 1034 2100 potione
1072 2042 1167 2086 vini
1205 2042 1374 2086 veteris
1411 2041 1567 2086 ieiuno
1606 2038 1748 2085 dabis.

144 2118 224 2156 134
366 2109 434 2155 Ad
466 2122 560 2170 eos,
599 2110 680 2169 qui
711 2110 983 2168 sanguinem
1014 2124 1099 2170 per
1127 2110 1402 2156 intestinum
1431 2110 1605 2154 iactant
1633 2108 1705 2154 vel
1734 2122 1820 2168 per

226 2185 500 2239 corruptum
538 2192 708 2238 corpus
745 2178 942 2225 inferius
982 2179 1241 2240 effundunt,
1277 2178 1536 2224 remedium
1574 2178 1661 2224 sic:
1703 2176 1817 2223 Her-

223 2246 308 2293 bae
346 2249 525 2293 urticae
563 2247 796 2293 masculae
835 2250 1126 2295 summitates
1163 2254 1348 2294 teneras
1386 2246 1574 2306 colliges
1618 2253 1665 2293 et
1702 2260 1810 2292 con·
1838 2261 1880 2291 30

224 2316 394 2362 tundes
441 2331 699 2377 sucumque
745 2318 846 2363 eius
893 2332 1167 2378 expressum
1210 2331 1294 2378 per
1337 2315 1545 2362 triduum
1584 2316 1816 2361 ministra-

223 2385 296 2431 bis
322 2385 598 2448 bibendum3
624 2387 663 2432 si
687 2394 842 2432 autem
866 2401 972 2433 cum
997 2401 1115 2448 aqua
1139 2385 1307 2446 frigida
1330 2391 1410 2432 aut
1433 2391 1562 2431 aceto
1588 2386 1816 2431 acerrimo

224 2461 303 2501 aut
339 2469 482 2516 posca
520 2455 686 2516 frigida
726 2455 771 2502 id
810 2457 884 2502 ius
921 2458 1119 2502 mixtum
1156 2455 1360 2516 dederis,
1408 2455 1616 2515 quamvis
1654 2453 1816 2516 despe-

224 2529 351 2571 ratos
389 2524 446 2571 de
485 2539 627 2585 supra
665 2526 839 2585 scripta
875 2526 1142 2572 infirmitate
1179 2526 1393 2585 protinus
1430 2522 1664 2570 liberabis.

365 2688 389 2724 2
421 2685 560 2737 putui.
657 2690 709 2727 16
742 2685 798 2727 ab
827 2685 895 2740 re]
926 2685 1100 2727 habere.
1196 2689 1250 2727 20
1281 2684 1504 2727 solitanos.
1593 2689 1645 2726 22
1675 2684 1812 2727 vetus.

224 2742 278 2780 23
309 2740 547 2781 canditum.
662 2743 716 2782 25
746 2754 798 2783 ex
827 2741 929 2784 vino
959 2753 1036 2783 om.
