1930 3008
749 84 1126 136 —315—

275 215 515 263 Confectio
552 216 817 262 iniectionis
855 214 911 261 ad
943 213 1097 261 colum
1129 215 1217 261 sic:
1255 212 1363 274 Opii
1393 211 1518 275 drag.
1548 214 1621 278 vl,
1659 228 1731 262 ca·
1764 224 1817 264 61

133 287 281 334 storei
311 285 435 348 drag.
465 284 565 348 1111,
602 299 784 347 myrrae
815 283 1140 346 troglodytidis
1171 280 1297 343 drag.
1328 283 1361 345 1,
1392 286 1521 332 croci
1551 283 1675 346 dra}
1698 284 1733 346 1,

134 357 248 403 nitri
284 354 408 417 drag.
449 354 512 418 11,
557 354 741 403 euforbi
784 354 910 416 drag.
951 353 1011 417 11,
1056 359 1190 401 rutae
1236 352 1466 401 silvestris
1511 352 1635 415 drag.
1677 354 1733 418 11,

133 425 285 473 mellis
323 431 550 487 quantum
587 425 775 473 denseri
812 426 966 471 omnia
1002 425 1197 486 possint.
1266 421 1447 477 Quibus
1487 426 1733 486 permixtis

0 490 7 522 ⁵
88 511 110 543 5
134 495 395 543 trochiscos
433 495 788 557 diligentissime
826 495 973 542 factos
1011 493 1218 540 servabis
1257 498 1304 539 et
1337 508 1444 541 cum
1474 496 1732 542 necessitas

133 566 276 613 fuerit
319 565 563 629 iniciendi,
615 565 789 613 adicies
835 564 925 611 olei
967 564 1177 611 anethini
1225 588 1287 596 -—
1330 562 1410 627 VI,
1453 563 1612 626 butyri
1656 579 1732 612 ex-

133 634 267 682 salati
315 661 373 674 —-
422 634 504 698 111,
552 635 687 682 nardi
735 660 793 667 —
843 634 897 681 ΙΙ.
970 633 1054 680 His
1099 633 1316 681 omnibus
1361 634 1419 680 de
1467 634 1733 697 trochiscis,

134 718 335 766 quorum
379 705 632 766 descriptio
678 706 896 766 superius
942 705 1232 766 continetur,
1286 703 1458 750 adicies
1505 710 1732 765 quantum

46 789 55 798 ·
131 773 262 821 fabae
299 788 495 835 granum
533 780 618 836 est,
655 775 704 821 in
741 788 860 836 aqua
898 773 1078 820 modica
1117 773 1320 820 solutum
1359 779 1406 820 et
1442 775 1506 820 ita
1541 774 1628 821 hac
1663 775 1732 820 in-

0 840 9 872 *
67 859 109 890 10
131 845 330 892 iectione
368 843 616 905 diligenter
653 845 816 891 uteris.

779 1038 903 1087 CAP.
941 1037 1083 1084 XXX.

131 1142 217 1184 Ad
251 1142 493 1184 ventrem
524 1140 906 1182 resolvendum
937 1141 992 1183 et
1019 1150 1205 1183 omnes
1236 1139 1351 1182 eius
1381 1139 1731 1184 difficultates

130 1221 341 1255 necnon
377 1212 432 1252 et
468 1209 537 1252 acl
572 1209 786 1252 cholera
815 1209 1122 1263 proiciendo.
1150 1208 1239 1252 vel
1267 1209 1559 1252 inhibenda
1589 1210 1729 1254 sales

279 1282 334 1323 et
368 1279 614 1334 potiones
652 1282 706 1322 et
743 1279 1006 1333 catapotia
1042 1278 1333 1322 cathartica
1369 1278 1581 1323 diversa

681 1349 748 1391 de
786 1348 1180 1404 experimentis.

272 1471 500 1526 Quoniam
531 1470 769 1517 interdum
799 1484 876 1516 res
898 1470 1103 1532 postulat
1126 1476 1172 1516 et
1195 1484 1280 1531 per
1304 1469 1455 1516 alvum
1481 1469 1728 1518 detrahere
1761 1481 1784 1518 1

130 1542 371 1588 materiam
408 1541 559 1586 omnis
599 1541 778 1587 umoris
814 1541 910 1586 sive
949 1540 1172 1602 hydropis
1211 1542 1307 1585 sive
1347 1539 1554 1586 diutinae
1593 1540 1729 1603 lippi-

131 1611 309 1658 tudinis
346 1610 605 1657 secundum
644 1611 882 1670 sanguinis
922 1610 1109 1671 quidem
1149 1609 1508 1672 detractionem,
1553 1625 1644 1671 qua
1682 1616 1731 1657 et

133 1680 335 1727 scabiem
379 1687 426 1726 et
465 1681 621 1741 ignem
658 1694 842 1726 sacrum
881 1686 928 1726 et
963 1679 1155 1740 papulas
1192 1678 1473 1726 habentibus
1512 1679 1730 1726 subveni·

70 1766 110 1798 15
135 1759 210 1797 tur
232 1761 313 1784 ·--
351 1764 459 1796 nam
503 1751 701 1796 maxime
744 1748 1042 1811 phlebotomo
1088 1749 1359 1795 huiusmodi
1402 1750 1525 1795 circa
1572 1755 1730 1796 cutem

134 1834 362 1867 summam
398 1820 507 1865 vitia
545 1821 702 1865 innata
740 1819 963 1866 sedantur
998 1846 1057 1851 —
1088 1821 1245 1880 itaque
1276 1834 1370 1865 non
1400 1824 1494 1866 tam
1525 1819 1729 1866 alienum

132 1889 438 1936 iudicavimus
483 1888 652 1934 horum
699 1903 883 1950 quoque
937 1904 1108 1950 genera
1161 1903 1416 1951 exponere,
1470 1888 1551 1935 scd
1596 1891 1729 1951 prius

134 1960 357 2020 dicemus,
394 1972 512 2019 quae
550 1957 703 2004 alvum
739 1959 1040 2006 mediocriter
1078 1958 1287 2005 molliant
1320 1964 1367 2005 et
1397 1973 1515 2020 quae
1547 1960 1642 2006 sint
1672 1959 1728 2006 ad

132 2029 220 2076 hoc
259 2027 486 2089 simplicia
522 2028 741 2074 remedia.

67 2114 110 2144 20
272 2097 419 2144 Mollit
456 2112 566 2158 ergo
601 2097 753 2144 alvum
782 2097 926 2145 herba
957 2097 1246 2145 Mercurialis
1277 2098 1456 2145 levibus
1486 2097 1727 2146 holeribus
1758 2111 1783 2147 2

134 2183 270 2229 quam
307 2167 506 2229 plurima
545 2169 700 2214 mixta.
762 2167 878 2214 Item
917 2167 1064 2214 mollit
1101 2167 1252 2214 alvum
1290 2170 1404 2215 nitri
1441 2167 1480 2214 X
1519 2170 1727 2216 semissis

131 2240 304 2285 mixtus
343 2252 450 2284 cum
487 2238 641 2283 resina
679 2237 994 2284 terebinthina
1032 2243 1079 2284 et
1115 2237 1345 2284 avellanae
1383 2239 1518 2284 nucis
1553 2240 1728 2300 magni-

132 2308 294 2354 tudine
326 2307 585 2353 devoratus.
635 2306 801 2353 Caules
833 2322 1019 2368 quoque
1050 2306 1086 2352 V
1116 2307 1189 2354 vel
1217 2307 1276 2354 Vl
1306 2322 1411 2354 cum
1438 2307 1546 2354 salis
1570 2309 1728 2368 granis

133 2377 327 2424 totidem
371 2383 418 2423 et
461 2378 555 2438 apii
600 2378 776 2423 semine
813 2377 1006 2438 paribus
1043 2378 1278 2423 mensuris
1316 2377 1498 2424 decocti
1534 2379 1583 2424 in
1621 2379 1727 2424 vino

196 2564 226 2605 b
276 2515 301 2551 2
330 2511 587 2574 troclodidis
699 2516 724 2553 5
757 2509 1099 2564 diligentissime
1135 2512 1311 2566 seerpsi:
1349 2511 1726 2566 diligentissimos.

136 2570 160 2607 6
228 2566 409 2663 Πῂῗίῗιθίῑ
430 2622 488 2664 ad
510 2623 621 2665 sales
646 2622 918 2664 conficienda.
942 2623 986 2664 et
1008 2622 1208 2675 potiones
1236 2625 1281 2665 et
1303 2623 1531 2677 catapotia
1554 2624 1726 2666 cathar-

131 2676 227 2718 tica
256 2677 450 2718 remedia.
477 2678 687 2731 phoesica.
717 2681 763 2720 et
791 2678 1076 2720 rationabilia.
1105 2677 1279 2721 diversa
1309 2679 1363 2721 de
1394 2693 1490 2732 exp.

278 2736 330 2774 15
358 2731 628 2786 phleutomO.
717 2738 769 2776 18
799 2747 910 2787 quae
941 2738 1040 2777 ante
1070 2735 1218 2777 alvum
1247 2747 1325 2778 om.
1407 2740 1458 2777 21
1490 2734 1617 2791 item]
1649 2735 1726 2779 ita.
