1898 3016
760 109 1138 159 -107—

147 237 275 285 culae
305 251 398 283 non
429 236 661 284 audientis
691 237 931 299 infundes3
961 235 1049 282 hoc
1081 237 1337 283 remedium
1372 239 1510 283 etiam
1535 237 1742 283 dolorem

147 307 372 354 emendat.
422 305 637 369 Herbam,
669 321 785 368 quae
818 306 989 353 Gallice
1020 306 1193 352 dicitur
1223 306 1495 369 blutthagio‚
1526 309 1735 354 nascitur
1748 317 1825 355 132

145 377 258 424 locis
304 376 491 438 umidis,
537 391 636 422 eam
675 385 801 423 teres
839 390 1097 437 sucumque
1135 377 1257 438 eius,
1304 378 1485 423 etiamsi
1530 377 1742 423 modicus

147 447 300 508 fuerit,
331 461 437 492 cum
468 446 650 492 modico
675 448 795 492 aceti
819 445 1076 492 confundes
1101 454 1147 492 et
1170 448 1346 506 pariter
1370 453 1494 492 teres
1518 446 1741 493 colatum-

104 530 124 562 5
145 531 235 577 que
268 531 319 563 ac
350 516 630 577 tepefactum
661 515 854 562 auribus
884 515 1145 562 instillabis.
1199 515 1385 562 Radicis
1418 516 1632 577 Syriacae
1657 531 1731 562 su—
1747 524 1824 562 133

145 600 250 632 cum
288 588 334 632 in
373 600 545 647 aurem,
586 600 702 646 quae
740 586 899 632 auditu
939 585 1116 631 difficili
1154 587 1257 647 erit,
1296 585 1503 648 infunde,
1541 586 1741 646 gratula-

145 655 270 701 beris
307 655 578 701 remedium.
1211 653 1216 658 “

831 807 957 854 CAP.
996 806 1050 853 X.

206 897 291 939 Ad
328 894 512 938 omnia,¹
537 895 665 938 vitia.
699 895 911 937 narium
949 896 1004 937 et
1040 895 1110 937 ad
1145 894 1395 948 pituitam
1434 895 1672 937 remedia

182 966 396 1020 physica
446 968 500 1008 et
549 965 881 1007 rationabilia
932 965 1142 1007 diversa
1194 966 1261 1007 de
1314 965 1695 1018 experimentis

781 1035 1092 1077 multorum.

282 1141 560 1203 Plerumque
591 1143 795 1201 erumpit
825 1142 998 1187 nimius
1026 1156 1050 1187 e
1073 1141 1265 1187 naribus
1290 1142 1494 1202 sanguis,
1526 1143 1603 1201 qui
1630 1156 1737 1188 cum
1771 1150 1793 1187 1

143 1212 431 1258 abundanter
462 1212 607 1272 fluxit,
644 1213 735 1257 nisi
766 1211 964 1257 celerius
997 1213 1329 1274 supprimatur,
1366 1211 1628 1271 periculum
1660 1211 1736 1257 ad-

80 1294 119 1324 10
144 1282 244 1327 fert.
311 1281 526 1327 Proderit
564 1295 672 1342 ergo
710 1295 828 1341 aqua
871 1278 1033 1340 frigida
1071 1280 1142 1326 vel
1179 1294 1319 1340 posca
1358 1280 1555 1326 subinde
1595 1288 1737 1327 totam

141 1351 305 1397 faciem
350 1366 432 1412 per
476 1351 700 1411 sfongiam
738 1350 1030 1410 refrigerare.
1110 1350 1304 1396 Acetum
1344 1365 1450 1397 acre
1488 1350 1737 1397 infundere
1767 1359 1793 1396 2

141 1423 188 1467 in
233 1435 390 1467 aurem
436 1421 645 1483 prodest,
690 1421 825 1466 cuius
869 1435 893 1465 e
939 1421 1130 1480 regione
1176 1422 1363 1480 sanguis
1401 1419 1524 1482 fluit,
1572 1426 1652 1466 aut
1689 1422 1738 1466 in

143 1498 386 1551 utramque
442 1492 644 1551 mittere,
697 1491 737 1535 si
789 1503 843 1534 ex
890 1495 1088 1550 utraque
1134 1504 1245 1536 nare
1291 1489 1507 1535 manabit.
1582 1489 1735 1551 Gypso
1767 1499 1791 1536 3

141 1566 282 1606 totam
314 1560 478 1605 faciem
509 1574 615 1606 cum
647 1560 798 1605 fronte
830 1565 876 1605 et
907 1560 1104 1605 maxime
1137 1573 1274 1605 nares
1298 1560 1503 1605 crassius
1527 1559 1736 1605 oblinere

80 1640 119 1671 15
142 1629 331 1690 prodest
376 1637 421 1675 et
466 1636 606 1690 caput
649 1629 813 1688 frigida
860 1643 978 1689 aqua
1015 1629 1158 1675 multa
1190 1629 1486 1690 perfundere.
1561 1628 1735 1675 Cucur·
1765 1639 1793 1675 4

141 1699 283 1745 bitam
342 1713 527 1760 quoque
586 1698 905 1745 medicinalem
958 1699 1175 1758 occipitio
1228 1698 1429 1758 adfigere
1481 1699 1737 1759 plurimum

141 1769 352 1829 prodest,
396 1771 571 1814 inicere
615 1775 769 1815 autem
815 1771 942 1814 intus
986 1770 1033 1814 in
1079 1783 1237 1814 narem
1281 1767 1516 1829 oportebit
1553 1767 1735 1814 cocleae

142 1840 268 1883 vivae
314 1852 499 1884 caruem
544 1853 628 1899 per
673 1853 721 1884 se
767 1846 846 1884 aut
884 1853 989 1884 cum
1028 1839 1148 1884 turis
1184 1838 1355 1899 polline
1395 1840 1566 1884 tritam.
1625 1837 1735 1884 Ver·
1766 1847 1791 1885 5

142 1907 306 1953 benam
344 1907 555 1969 herbam,
601 1922 739 1969 quae,
785 1909 890 1968 quia
929 1907 1071 1954 multa
1109 1915 1181 1954 est
1218 1915 1265 1954 et
1303 1907 1475 1968 ubique
1513 1909 1736 1968 nascitur,

78 1988 119 2018 20
142 1977 393 2038 polygonos
425 1977 696 2039 appellatur,
726 1979 871 2023 inseri
897 1977 1088 2023 naribus
1113 1977 1317 2038 prodest.
1378 1977 1602 2023 Similiter
1626 1977 1736 2023 facit

141 2054 186 2092 et
223 2046 517 2107 lysimachios
555 2047 698 2093 herba
736 2049 844 2093 trita
882 2049 1096 2107 inposita.
1170 2047 1344 2093 Eodem
1386 2061 1557 2107 genere
1596 2047 1734 2108 prod-

140 2119 230 2162 erit
266 2124 312 2162 et
349 2116 554 2177 sfongiae
593 2116 867 2177 particulam
904 2124 1192 2176 praesectam
1238 2123 1342 2178 apte
1389 2117 1548 2162 forfice
1592 2123 1639 2163 et
1679 2117 1733 2162 ad

140 2186 488 2246 amplitudinem
522 2188 704 2232 narium
736 2187 979 2247 figuratam
1003 2188 1179 2232 inicere
1205 2186 1339 2247 paulo
1363 2188 1573 2246 pressius
1603 2193 1734 2232 aceto

140 2255 356 2301 infectam
388 2263 434 2302 et
468 2257 702 2302 interdum
742 2256 905 2301 eodem
942 2257 1216 2317 inspersam.
1290 2255 1442 2301 Gallae
1482 2264 1527 2301 et
1564 2255 1732 2302 chalci-
1766 2266 1790 2303 6

76 2334 119 2365 25
142 2325 250 2371 tidis
281 2325 431 2386 pulvis
462 2327 646 2372 curiose
677 2328 818 2371 tritus
850 2333 987 2386 atque
1018 2327 1065 2371 in
1091 2340 1235 2372 unum
1261 2327 1422 2386 aequis
1446 2325 1734 2385 ponderibus

142 2396 312 2441 mixtus
349 2397 649 2456 insertusque
683 2395 872 2441 naribus
904 2397 1076 2455 optime
1108 2396 1381 2456 sanguinem
1413 2397 1549 2441 sistit.
1608 2394 1733 2441 Bene
1766 2403 1789 2440 7

141 2467 389 2524 supprimit
419 2473 464 2511 et
494 2466 580 2512 hoc
612 2465 999 2511 medicamentum
1032 2467 1302 2525 sanguinem
1334 2465 1389 2510 de
1414 2464 1606 2510 naribus
1628 2479 1733 2526 pro-

141 2533 382 2581 fluentem:
421 2535 526 2580 Mali
556 2537 760 2595 corticis,
793 2549 883 2595 quo
915 2537 1102 2581 coriarii
1132 2542 1343 2596 utuntur,
1374 2533 1422 2580 P.
1446 2533 1479 2596 Ι,
1516 2534 1733 2581 aluminis

141 2604 352 2665 Aegyptii
388 2604 435 2650 P.
460 2604 492 2666 1,
531 2604 791 2651 chalcitidis
828 2604 937 2651 131.
1011 2605 1266 2665 Diligenter
1304 2605 1413 2650 trita
1450 2604 1564 2650 haec
1603 2611 1650 2651 et
1686 2607 1732 2650 in

253 2757 277 2793 3
307 2751 512 2793 humidi&
628 2757 652 2794 6
684 2743 874 2795 difficile.
995 2758 1044 2795 18
1075 2751 1300 2807 pollinem.
1422 2756 1476 2794 24
1505 2751 1719 2794 calchidis
