1898 3016
770 119 1111 161 —1V-

146 234 238 304 (=
255 256 298 299 p.
315 241 691 302 41‚23——52,29
711 242 759 287 et
772 257 816 300 p.
831 242 1167 301 75,1—86,35
1187 242 1231 288 h.
1250 235 1326 305 e.),
1343 243 1578 289 terniones
1595 243 1745 289 XVII.

145 317 306 362 XVIII
337 312 426 380 (=
450 334 494 377 p.
522 319 961 379 177,20—195,31
989 319 1034 365 h.
1060 312 1136 382 e.).
1173 319 1311 365 XXII
1342 313 1431 383 (-——-
1455 336 1499 378 p.
1527 321 1748 376 227,2-

148 396 335 454 237‚10
378 395 422 440 h.
471 388 565 458 e.),
625 396 958 454 quaterniones
1025 395 1215 442 XXXII.
1274 396 1512 442 XXXIHI.
1572 396 1748 441 XXXV

148 464 237 534 (=
261 487 305 530 p.
331 471 770 532 335,3-345,12.‘
789 472 1119 532 356,7—384
1143 473 1187 519 b.
1213 466 1290 535 e.).
1356 473 1472 519 Post
1501 472 1751 518 detrimen-

148 550 253 593 tum
275 548 448 594 codicis
473 550 573 594 tam
597 563 742 608 grave
764 548 944 607 priores
966 549 1329 608 quaternionum
1351 549 1537 595 numeri
1557 549 1751 608 plurimi

147 639 318 670 rasura
354 625 423 671 ita
459 625 634 670 mutati
671 627 802 683 sunt,
846 628 901 670 ut
938 626 1082 672 etiam
1117 641 1242 672 nunc
1278 626 1360 685 qui
1397 628 1539 672 antea
1574 626 1751 672 fuerint

147 701 352 760 perspici
388 702 551 761 possit.
623 702 746 747 Item
789 702 1014 748 foliorum
1057 703 1244 748 numeri
1286 704 1547 749 recentiore
1592 705 1750 749 aetate

150 777 309 823 damni
345 778 529 824 ratione
566 792 662 823 non
697 778 862 825 habita
898 779 1072 826 adiecti
1110 783 1232 826 sunt.

254 855 516 914 Postquam
554 870 674 914 quae
710 854 940 914 perierint
976 855 1148 902 codicis
1191 858 1352 916 partes
1399 856 1613 917 exposui,
1658 871 1752 903 non

151 931 354 978 alienum
396 946 499 978 esse
536 931 726 978 videtur
762 932 931 994 dicere,
969 948 1089 993 quae
1128 935 1343 980 servatae
1380 933 1514 979 nobis
1553 933 1648 979 sint
1683 948 1754 978 re-

151 1009 342 1068 liquiae.
404 1009 667 1068 Supersunt
697 1010 1031 1068 quaterniones
1060 1010 1120 1056 Π.
1143 1010 1226 1056 ΙΠ.
1250 1009 1348 1055 ΠΠ
1373 1029 1438 1047 =
1462 1010 1541 1055 fol.
1568 1011 1752 1070 1—24‚

150 1085 304 1132 ternio
349 1086 419 1130 VI
450 1105 515 1122 -=
552 1085 634 1131 fol.
675 1087 902 1147 24-—30‚
956 1088 1202 1146 quaternio
1232 1087 1325 1132 VII
1379 1080 1526 1150 (nune
1554 1079 1646 1148 VI)
1687 1105 1752 1121 =

150 1163 230 1209 fol.
276 1165 504 1221 30—-38,
556 1162 710 1207 ternio
748 1163 891 1208 VIIII
943 1157 1090 1226 (nunc
1127 1157 1269 1226 VIII)
1310 1182 1374 1199 =
1414 1163 1494 1208 fol.
1532 1159 1754 1222 38—44,

152 1240 400 1298 quaternio
416 1240 460 1284 X
483 1233 629 1302 (nunc
644 1233 810 1302 VIIII)
835 1259 900 1276 =
925 1240 1244 1300 f01.44-52‚
1268 1239 1420 1285 ternio
1443 1238 1512 1284 XI
1527 1232 1672 1302 (nunc
1687 1231 1754 1301 X)

154 1336 219 1353 =
251 1316 331 1362 fol.
358 1316 588 1376 53—58,
626 1316 957 1374 quaterniones
988 1317 1092 1362 XII.
1124 1316 1240 1362 XIII
1279 1309 1424 1379 (nunc
1445 1314 1525 1360 XI.
1548 1308 1661 1378 XII)
1689 1334 1753 1352 =

152 1393 232 1440 fol.
257 1394 426 1440 58-—7
433 1395 479 1454 4,
517 1394 669 1438 ternio
693 1392 833 1438 XIIII
858 1386 1004 1456 (nune
1027 1387 1164 1456 XIII)
1192 1413 1256 1429 =
1280 1393 1360 1439 fol.
1389 1393 1608 1452 74—-80,
1646 1406 1755 1450 qua-

152 1470 391 1516 terniones
421 1470 523 1516 XV.
553 1469 665 1514 XVI
689 1463 835 1532 (nunc
857 1470 1009 1516 ΧΠΠ.
1034 1464 1147 1533 XV)
1173 1490 1239 1506 =
1269 1469 1349 1515 fol.
1385 1470 1604 1527 80—96,
1644 1483 1755 1527 qua-

152 1546 392 1593 terniones
409 1545 780 1591 XVIIII—XXI
796 1540 941 1608 (nunc
955 1539 1296 1609 XVIII—XX)
1319 1565 1381 1581 =
1398 1545 1478 1590 fol.
1500 1547 1563 1591 96
1575 1569 1627 1575 -·
1642 1545 1756 1601 120,

154 1624 485 1682 quaterniones
522 1622 888 1668 XXIII—XXV
934 1618 1080 1684 (nunc
1115 1615 1532 1684 XXII—XXIIII)
1571 1641 1637 1657 =
1675 1621 1757 1667 fol.

158 1701 448 1758 120—144,
481 1699 727 1758 quaternio
751 1698 908 1744 XXVI
938 1694 1085 1763 (nunc
1106 1692 1261 1761 XXV)
1287 1719 1351 1735 =
1375 1698 1453 1745 fol.
1482 1699 1752 1744 144—151

156 1769 400 1839 (quintum
415 1776 554 1821 huius
574 1776 895 1834 quaternionis
919 1776 1086 1821 folium
1103 1777 1340 1821 exsectum
1357 1769 1467 1839 est),
1491 1775 1756 1834 quaternio-

153 1867 237 1899 nes
259 1851 667 1898 XXVII-——XXXI
697 1845 844 1914 (nunc
866 1845 1246 1915 XXVI—XXX)
1271 1871 1336 1888 =
1361 1852 1442 1900 fol.
1468 1852 1757 1911 151-191,

156 1929 404 1989 quaternio
442 1928 649 1974 XXXIII
686 1922 831 1991 (nunc
869 1923 1071 1991 XXXII)
1111 1949 1176 1966 =
1216 1930 1296 1975 fol.
1331 1931 1618 1975 191—199.

261 2006 399 2053 Hunc
452 2006 660 2053 codicem
710 2006 814 2066 ipse
865 2009 1045 2065 quanta
1095 2005 1229 2065 potui
1281 2005 1528 2064 diligentia
1578 2003 1758 2050 contuli

156 2083 467 2144 lectionisque
518 2084 803 2130 varietatem
854 2084 1077 2130 selectam
1127 2082 1354 2142 neglectis
1406 2081 1548 2126 rebus
1600 2081 1758 2126 ortho-

158 2160 395 2220 graphicis
434 2163 482 2206 et
518 2160 671 2219 vitiis,
719 2175 839 2220 quae
883 2161 1027 2220 vulgo
1072 2160 1122 2204 in
1166 2158 1403 2204 codicibus
1440 2157 1757 2218 inveniuntur,

160 2238 413 2284 verborum
438 2237 679 2283 contextui
701 2237 891 2283 subieci.
929 2236 1001 2281 De
1025 2250 1078 2281 eo
1100 2235 1280 2294 primus
1305 2233 1568 2293 disputavit
1591 2234 1755 2280 Valen-

162 2316 285 2360 tinus
314 2314 435 2360 Rose
470 2315 519 2359 in
555 2313 760 2360 Hermae
798 2312 1047 2372 v01.V111‚
1073 2314 1151 2358 30.
1205 2311 1338 2365 Quod
1376 2313 1535 2356 autem
1571 2310 1648 2356 hie
1684 2311 1759 2357 vir

160 2390 326 2436 doctus
356 2391 570 2437 Marcelli
609 2390 863 2436 editionem
898 2389 1170 2449 principem,
1208 2403 1349 2447 quam
1387 2387 1571 2434 curavit
1606 2387 1758 2433 Ianus

162 2466 416 2513 Carnarius
446 2467 661 2512 Basileae
692 2482 731 2513 a.
759 2468 910 2527 1536,
942 2480 999 2511 ex
1027 2466 1111 2511 illo
1142 2479 1413 2524 expressam
1443 2479 1545 2510 esse
1584 2466 1757 2523 censet,

159 2544 356 2590 fallitur.
416 2544 539 2589 Nam
578 2547 626 2590 et
671 2544 850 2590 omittit
893 2543 1039 2589 codex
1074 2541 1306 2588 vocabula
1343 2540 1592 2601 quaedam,
1637 2555 1758 2599 quae

162 2619 415 2667 Comarius
462 2636 517 2665 ex
560 2621 651 2667 alio
689 2621 810 2667 libro
848 2635 992 2666 manu
1030 2619 1202 2677 scripto
1244 2617 1478 2663 addidisse
1516 2618 1756 2676 putandus

163 2699 290 2743 esset
332 2722 389 2728 —
433 2697 514 2743 sed
551 2697 806 2743 verisimile
843 2712 936 2743 non
974 2698 1046 2742 est
1087 2696 1224 2740 illum
1267 2695 1482 2754 pluribus
1521 2693 1758 2739 codicibus

161 2788 301 2820 usum
338 2787 440 2819 esse
481 2798 541 2805 -—
585 2776 631 2819 et
669 2774 859 2820 exhibet
888 2773 1129 2833 nonnulla,
1168 2787 1288 2832 quae
1324 2772 1449 2831 apud
1481 2769 1759 2816 Cornarium
