1898 3016
796 90 1102 140 -5—

150 217 444 265 ficationibus
488 219 611 264 veris
655 218 814 280 fieret3
858 219 1015 280 itaque
1060 217 1358 279 explicandae
1405 219 1473 265 rei
1517 217 1741 265 adversus

150 287 482 335 obscuritatem
519 287 746 335 consului.
805 287 952 349 Igitur
989 287 1188 349 epistula
1226 287 1331 334 talis
1369 294 1453 335 est.

254 399 530 446 Antiocho
568 401 690 461 regi
725 398 1105 461 Hippocrates
1143 398 1288 446 Cous
1326 398 1564 446 salutem
1603 399 1645 446 d.

289 495 402 543 Eam
434 502 479 543 te
508 497 557 542 in
588 495 676 543 hoc
706 497 933 558 regnandi
964 510 1156 543 munere
1195 502 1242 543 et
1278 495 1479 543 culmine
1518 502 1741 558 reputans

151 567 383 613 sustinere
428 580 699 628 personam,
743 572 796 613 ut
840 581 922 613 rex
967 580 1163 627 magnus
1207 568 1348 613 vitam
1385 566 1543 614 multis
1581 566 1742 613 utilem

107 650 127 681 5
149 637 198 682 in
235 635 424 696 longum
459 635 717 696 provehere
755 635 946 699 debeas,
984 636 1122 683 simul
1155 637 1391 698 ingentem
1422 636 1742 697 providentiae

150 712 255 752 tuae
287 706 484 752 metiens
515 719 689 768 curam,
721 720 810 767 qua
841 707 1276 767 experientissimus
1307 720 1466 753 rerum
1496 705 1744 753 mathesim

150 789 337 837 quoque
375 776 523 836 prime
561 775 756 837 adeptus
795 789 866 838 es,
910 777 1161 822 convenire
1207 775 1377 822 talibus
1414 775 1583 837 regalis
1622 777 1744 838 peri-

149 846 239 892 tiae
278 844 446 891 studiis
477 844 728 892 arbitratus
763 859 867 892 sum
898 845 1199 892 domesticam
1231 860 1418 907 quoque
1448 846 1613 892 tuendi
1642 859 1742 892 cor-

149 916 277 975 poris
309 920 355 960 et
384 914 704 975 procurandae
735 914 1014 961 valetudinis
1045 917 1308 978 scientiam3
1340 930 1482 976 super
1507 917 1642 962 cuius
1666 914 1744 962 ob·

88 998 125 1027 ιο
150 983 491 1031 servationibus
522 984 576 1031 ad
607 991 653 1031 te
684 984 984 1031 scribendum
1016 986 1188 1048 putavi,
1228 991 1279 1032 ut
1310 991 1356 1032 et
1389 985 1559 1046 quibus
1591 986 1744 1032 causis

151 1053 304 1101 morbi
329 1055 584 1101 existerent
611 1061 658 1101 et
681 1054 852 1115 quibus
875 1062 1298 1116 praenoscerentur
1320 1055 1507 1102 indiciis
1532 1061 1578 1102 et
1601 1054 1744 1117 quali-

150 1123 238 1170 bus
268 1125 391 1170 inter
422 1124 610 1171 exordia
640 1126 988 1185 perimerentur
1017 1124 1228 1171 medellis
1260 1125 1569 1172 ostenderem.
1628 1124 1744 1171 Nam

151 1193 248 1239 fere
271 1199 324 1240 ut
347 1193 463 1240 caeli
485 1194 754 1241 turbulenta
777 1200 1030 1255 tempestas
1060 1209 1314 1256 numquam
1343 1197 1435 1241 nisi
1464 1195 1745 1257 praeceden-

151 1262 277 1309 tibus
302 1263 420 1310 solet
444 1265 588 1324 signis
612 1265 847 1327 ingruere,
869 1266 933 1311 ita
957 1278 1208 1325 corporum
1231 1266 1507 1311 inminentia
1522 1264 1746 1326 pleraque

90 1344 129 1375 15
151 1333 444 1379 incommoda
475 1339 607 1379 ortus
636 1335 816 1394 proprii
847 1334 1184 1395 significatione
1215 1340 1549 1382 monstrantur.
1595 1334 1745 1396 Spon-

153 1402 239 1448 deo
263 1408 418 1449 autem
440 1417 525 1463 pro
549 1404 755 1463 ingenita
780 1403 1029 1466 docilitate,
1053 1418 1143 1465 qua
1167 1410 1373 1451 nostram
1396 1419 1581 1466 quoque
1604 1418 1747 1465 super

151 1471 224 1518 his
249 1471 391 1518 rebus
415 1472 667 1519 sollertiam
690 1472 875 1535 probas,
899 1475 1090 1519 monitis
1113 1475 1231 1520 meis
1251 1474 1591 1521 auscultantem
1608 1487 1746 1536 posse

152 1547 197 1588 te
228 1541 461 1603 reliquum
491 1543 611 1588 vitae
642 1548 827 1604 tempus
858 1543 991 1589 firma
1022 1542 1286 1590 valetudine
1318 1550 1364 1591 et
1400 1544 1537 1605 plena
1569 1543 1745 1590 incolu-

152 1612 311 1658 mitate
341 1611 620 1672 producere.
681 1611 900 1674 Corporis
930 1614 1075 1673 igitur
1111 1613 1303 1660 humani
1334 1613 1386 1660 fit
1415 1628 1440 1660 a
1470 1613 1605 1660 nobis
1637 1627 1745 1675 qua-

90 1693 131 1723 20
153 1681 397 1741 dripertita
437 1681 621 1744 divisio,
671 1683 806 1728 cuius
850 1683 896 1728 in
945 1682 1157 1743 partibus
1195 1683 1391 1744 singulis
1429 1683 1749 1730 valetudinum

151 1751 407 1797 moderatio
440 1753 721 1798 continetur.
785 1751 904 1798 Sunt
935 1759 1091 1800 autem
1119 1760 1277 1815 partes
1307 1753 1415 1800 hae:
1457 1768 1565 1800 cum
1596 1755 1748 1814 capite

152 1821 247 1866 oris
279 1819 552 1883 sublimitas,
583 1823 787 1881 pectoris
818 1821 1009 1886 latebra,
1040 1824 1219 1869 ventris
1249 1823 1614 1886 receptaculum,
1646 1837 1748 1869 sen-

151 1891 247 1936 tina
292 1892 487 1936 vesicae.
555 1889 604 1936 Si
648 1892 789 1951 capiti
832 1893 975 1952 igitur
1020 1894 1201 1939 eveniat
1247 1893 1615 1956 incommodum,
1667 1899 1749 1939 aut

151 1958 371 2006 tenebrae
396 1959 703 2006 offunduntur
726 1966 806 2006 aut
828 1962 979 2008 cietur
1009 1961 1142 2008 dolor
1172 1968 1252 2009 aut
1281 1969 1448 2011 onusta
1480 1965 1612 2025 quasi
1634 1977 1748 2024 pon-

90 2040 129 2072 25
155 2029 265 2075 dere
312 2029 561 2091 supercilia
607 2031 874 2077 sentiuntur
919 2037 999 2077 aut
1039 2032 1089 2078 fit
1126 2038 1390 2094 temporum
1426 2033 1591 2095 pulsus
1629 2033 1748 2079 adsi-

151 2099 272 2145 duus
310 2105 389 2145 aut
425 2099 796 2146 tumescentibus
834 2114 968 2146 mane
1007 2101 1154 2148 oculis
1185 2102 1352 2163 caligat
1381 2103 1630 2163 adspectus
1669 2108 1751 2149 aut

152 2182 288 2214 aures
333 2169 542 2215 tinniunt
586 2175 633 2215 et
677 2177 867 2231 accepto
915 2170 1115 2231 quodam
1159 2173 1358 2218 interius
1402 2172 1749 2219 tumultuantur

153 2251 280 2284 sono.
347 2237 430 2284 His
476 2252 586 2299 ergo
632 2241 778 2300 signis
826 2240 1134 2286 existentibus
1180 2247 1320 2302 caput
1363 2249 1436 2288 est
1470 2243 1748 2303 purgatione

152 2307 430 2368 curandum,
474 2308 556 2354 sed
602 2323 744 2370 super
787 2308 1055 2356 huiusmodi
1107 2317 1262 2357 tamen
1313 2311 1486 2358 leviore
1538 2311 1748 2375 medella,

89 2389 129 2419 30
151 2376 318 2438 hysopi
354 2376 427 2423 vel
460 2379 639 2438 origani
669 2378 816 2425 Indici
847 2394 978 2426 coma
1008 2381 1180 2427 iniecta
1210 2380 1398 2428 defruto
1429 2383 1526 2428 sive
1556 2381 1748 2444 mulsae,

266 2516 288 2553 7
319 2510 500 2564 primae.
618 2517 642 2554 9
674 2512 942 2555 valetudinis
974 2517 999 2555 1
1009 2527 1051 2556 m
1080 2513 1339 2557 valitudinis
1369 2520 1461 2560 2m.
1566 2520 1617 2559 15
1648 2530 1747 2570 pro-

150 2565 237 2619 prii
268 2566 531 2620 Stephanus:
568 2568 769 2622 propriis.
910 2573 959 2611 17
993 2570 1358 2615 abauscultatem.
1494 2576 1547 2614 18
1576 2572 1746 2615 valetu-

153 2621 253 2663 dine
283 2626 362 2664 lm
398 2622 519 2665 valit.
551 2627 643 2666 2m.
738 2629 792 2666 20
814 2625 1122 2668 valitudinum.
1224 2630 1276 2668 21
1302 2640 1399 2670 com
1424 2632 1498 2670 lm
1530 2641 1630 2669 cum
1651 2630 1745 2671 2m.

152 2681 205 2719 22
235 2677 377 2719 latera
407 2679 552 2721 littera
580 2680 609 2721 b
639 2693 774 2722 erasa.
877 2685 930 2722 24
954 2681 1234 2724 offenduntur
1255 2696 1308 2724 ex
1331 2683 1616 2726 offunduntur
1638 2697 1745 2727 corr.

99 2742 101 2745 ’
153 2737 205 2775 26
235 2733 576 2777 tumiscentibus
609 2739 688 2778 Im.
805 2741 858 2778 30
887 2736 1029 2791 ysopi.
1145 2737 1257 2793 sive]
1290 2738 1375 2781 sibi
1488 2739 1643 2782 mulsa.
