1898 3016
738 90 1075 142 -53-

115 233 336 268 canorum
375 220 496 281 nigri
534 219 800 267 emicabunt
837 219 1003 281 capilli.
1062 218 1331 279 Experieris
1364 235 1525 268 verum
1554 235 1702 267 reme·
1733 230 1757 266 5

114 290 255 352 dium,
293 291 331 335 si
368 303 538 350 agnum
576 289 893 336 candidissimi
933 291 1098 351 capitis
1136 289 1378 337 decoxeris
1416 297 1555 352 atque
1595 290 1702 337 inde

114 366 252 420 caput
282 360 396 420 eiUS,
428 373 567 420 quem
599 373 766 406 canum
797 373 899 406 esse
931 358 1062 421 nolis,
1093 360 1204 420 ungi
1236 362 1546 421 praeceperis,
1603 359 1702 407 Hoc
1733 371 1757 408 6

115 429 266 492 facito,
304 442 360 474 ne
399 427 551 490 capilli
589 436 858 476 canescant:
909 429 1129 475 Radicem
1167 443 1305 475 unam
1344 429 1488 476 caulis
1529 436 1700 491 quanto

71 512 92 544 ⁵
114 497 382 559 ampliorem
421 504 467 544 et
505 500 807 545 vetustiorem
845 500 894 545 in
931 499 1068 545 furno
1100 498 1295 546 siccabis
1327 513 1521 561 eamque
1553 501 1703 546 minu-

115 569 289 615 tissime
335 567 552 614 concides
600 575 646 614 et
690 570 738 615 in
785 567 920 614 ollam
966 568 1131 615 rudem
1171 570 1326 615 mittes
1365 575 1411 616 et
1448 583 1565 630 aqua
1604 569 1702 616 lon-

115 646 219 685 tana
256 638 434 684 recenti
471 636 668 698 inplebis
706 646 753 684 et
790 638 845 684 ad
886 638 1087 685 medium
1125 638 1359 699 decoques
1402 644 1563 700 operta
1599 637 1701 702 olla,

114 714 211 754 tum
245 709 292 753 in
329 706 511 753 balineo
550 712 689 768 caput
728 721 899 768 sapone
938 710 1111 768 optime
1148 707 1321 754 lavabis
1359 722 1560 769 cumque
1591 709 1702 755 satis

114 776 335 823 mundum
368 777 592 839 effeceriS,
622 779 760 823 etiam
792 791 843 823 ea
874 791 1006 839 aqua,
1037 791 1174 838 quam
1202 779 1439 838 paraveris
1464 778 1519 824 de
1549 778 1703 823 radice

51 861 91 892 10
117 845 282 909 caulis,
321 853 459 907 caput
495 848 557 893 ita
596 845 874 893 confricabis
912 852 1147 908 tamquam
1186 847 1334 893 solum
1373 861 1427 893 ex
1467 861 1520 893 ea
1558 846 1702 909 laves3

115 930 220 963 mox
268 916 483 977 capillum
529 915 672 963 linteo
718 916 923 963 involves
968 930 1054 962 nec
1091 916 1183 963 ulla
1222 931 1361 978 supra
1400 931 1516 978 aqua
1557 917 1703 963 uteris

113 993 158 1032 et
188 987 249 1032 ita
275 986 483 1032 siccabis.
544 985 642 1032 Hoc
671 1001 819 1047 purus
850 1000 958 1047 ages
987 987 1120 1047 puris
1145 988 1283 1033 etiam
1315 987 1542 1032 ministris
1573 1000 1700 1032 usus.

111 1055 179 1102 Ad
218 1056 493 1116 nigrandum
530 1055 746 1117 capillum
785 1057 968 1117 egregie
1008 1057 1136 1118 facit,
1182 1057 1222 1102 si
1259 1057 1334 1102 ovi
1370 1057 1548 1102 corvini
1586 1069 1703 1116 quae
1736 1064 1759 1101 7

114 1133 221 1172 sunt
258 1127 481 1172 interiora
517 1127 670 1186 inpari
707 1140 902 1172 numero
939 1127 986 1172 in
1026 1140 1104 1172 vas
1142 1140 1330 1172 aereum
1368 1127 1526 1172 mittas
1564 1130 1703 1186 atque

51 1210 91 1242 15
113 1194 208 1242 illic
246 1195 326 1242 diu
363 1197 565 1257 coagites
603 1202 648 1241 et
685 1210 789 1242 raso
828 1197 977 1256 capite
1018 1197 1065 1242 in
1104 1195 1267 1243 umbra
1313 1209 1398 1256 per
1434 1194 1703 1256 peniculum

113 1266 307 1327 pictoris
344 1267 554 1328 inponas,
592 1265 672 1311 sed
711 1265 858 1311 donec
898 1267 1100 1312 siccetur
1137 1266 1343 1327 infectiO,
1381 1270 1428 1311 et
1464 1264 1619 1311 oleum
1655 1265 1703 1310 in

114 1349 195 1381 ore
234 1336 386 1381 teneri
422 1341 608 1396 oportet
645 1340 691 1381 et
730 1349 837 1381 sevo
869 1337 1056 1381 cervino
1088 1335 1252 1381 faciem
1283 1335 1497 1397 perungi,
1533 1348 1592 1380 ne
1627 1333 1703 1380 de-

115 1404 395 1451 stillantibus
425 1406 569 1465 gultis
599 1404 878 1467 maculetur3
909 1410 1036 1450 tanta
1066 1406 1190 1451 enim
1214 1403 1332 1451 solet
1362 1418 1464 1450 esse
1489 1405 1558 1450 vis
1590 1405 1705 1466 eius,

114 1481 167 1521 ut
196 1476 332 1521 etiam
365 1474 541 1538 dentes,
579 1474 689 1521 dum
729 1475 944 1535 siccatur,
982 1475 1169 1521 inficiat.
1236 1472 1412 1528 Quarto
1444 1478 1599 1520 autem
1630 1473 1704 1519 die

51 1557 91 1588 eo
114 1550 253 1606 caput
290 1543 431 1590 lavari
468 1549 653 1605 oportet
689 1550 794 1605 post
824 1543 1110 1590 medicamen
1142 1544 1412 1604 inpositum.
1464 1542 1703 1589 Vermium
1734 1552 1759 1591 8

114 1619 408 1660 terrenorum
433 1615 552 1660 cinis
584 1613 684 1660 oleo
717 1613 939 1675 adiectus,
965 1628 1056 1675 quo
1081 1614 1151 1661 uti
1175 1613 1371 1660 feminae
1395 1614 1443 1658 in
1474 1612 1703 1674 pectendo

115 1683 279 1747 solent,
317 1683 505 1745 capillos
542 1682 759 1744 prohibet
797 1689 1037 1730 senectute
1077 1684 1260 1730 mutari.
1326 1682 1453 1728 Folia
1491 1682 1705 1743 cupressi
1733 1692 1758 1729 9

115 1755 224 1799 trita
262 1768 316 1799 ex
355 1759 484 1799 aceto
522 1754 663 1814 capiti
699 1752 829 1799 inlita
868 1759 912 1800 et
949 1754 1164 1800 inficiunt
1202 1766 1342 1799 canos
1380 1758 1425 1798 et
1462 1753 1511 1797 in
1541 1766 1702 1798 eorum

115 1822 267 1869 locum
320 1824 477 1883 nigros
529 1822 734 1869 educunt
786 1822 989 1883 capillos.
1063 1822 1217 1869 Nuces
1268 1821 1509 1882 iuglandes
1555 1821 1705 1868 adhuc
1737 1830 1788 1868 10

0 1897 1 1900 ’
53 1904 94 1936 25
117 1892 287 1939 virides
326 1901 372 1938 et
408 1898 593 1938 teneras
632 1898 678 1938 et
715 1892 910 1938 totidem
947 1892 1135 1953 glandes
1173 1891 1313 1938 velles
1345 1906 1397 1937 ex
1430 1890 1595 1937 arbore
1627 1890 1703 1937 ad-

116 1961 206 2008 huc
253 1961 424 2008 virides
469 1967 516 2008 et
551 1962 749 2008 necdum
787 1964 1055 2008 maturitate
1094 1961 1310 2008 solidatas
1349 1966 1489 2022 atque
1526 1962 1574 2006 in
1612 1959 1705 2021 pila

117 2032 619 2092 contusas·exprimes
671 2045 923 2092 earumque
970 2046 1081 2078 suco
1127 2031 1182 2077 ad
1228 2030 1503 2077 inficiendos
1549 2044 1704 2091 canos,

117 2100 226 2147 dum
264 2107 401 2162 caput
438 2102 607 2162 pectis,
645 2102 875 2162 pectinem
907 2103 1106 2161 tingues.
1167 2099 1562 2161 Sanguisugarum
1603 2114 1700 2146 sex·
1736 2107 1784 2145 11

116 2171 263 2216 tarius
301 2169 483 2216 duobus
522 2171 735 2216 sextariis
782 2172 902 2231 nigri
946 2172 1041 2216 vini
1081 2171 1303 2217 miscetur
1340 2176 1387 2216 et
1424 2168 1503 2214 XL
1542 2168 1707 2215 diebus

54 2251 95 2284 30
117 2240 165 2285 in
196 2239 380 2286 vasculo
409 2238 626 2301 plumbeo
651 2239 898 2300 diligenter
922 2239 1078 2286 clauso
1102 2245 1379 2302 maceratur,
1410 2238 1706 2299 postmodum

118 2323 223 2355 cum
266 2311 367 2370 ipso
414 2310 518 2355 vino
564 2315 874 2355 conteruntur
917 2309 1160 2356 hirudines
1212 2315 1258 2356 et
1310 2310 1358 2356 in
1411 2307 1506 2354 sole
1559 2307 1708 2354 calido

119 2380 257 2439 capiti
306 2379 469 2425 deraso
519 2379 574 2424 ad
619 2378 952 2439 permutandos
1002 2378 1191 2440 capillos
1244 2392 1404 2425 earum
1454 2392 1596 2424 sucus
1639 2379 1708 2424 in-

118 2450 308 2508 ponitur
352 2448 473 2510 ole0,
519 2462 577 2494 ne
616 2448 779 2495 dentes
817 2449 1105 2510 inficiantur,
1145 2449 1291 2495 donec
1330 2449 1534 2494 siccetur
1563 2446 1708 2493 medi-

120 2531 294 2579 camen,
331 2520 377 2563 in
416 2532 496 2563 ore
535 2518 738 2564 detento,
798 2517 908 2564 Ervi
946 2518 1140 2579 siliquae
1171 2520 1444 2579 priusquam
1481 2522 1708 2579 arescant,
1741 2524 1792 2562 12

58 2597 99 2628 ³5
121 2601 224 2632 cum
263 2587 383 2633 foliis
422 2593 468 2633 et
506 2587 635 2633 caule
675 2602 759 2634 suo
798 2594 1107 2634 conteruntur
1146 2594 1192 2634 et
1229 2602 1334 2634 raso
1365 2589 1518 2650 capiti,
1558 2592 1608 2633 ut
1638 2600 1709 2632 ca-

232 2738 255 2775 3
285 2747 412 2788 unge.
519 2739 540 2776 7
573 2734 837 2788 dequoques.
943 2738 993 2776 15
1023 2734 1310 2789 pinniculum.
1408 2740 1460 2778 31
1494 2733 1710 2777 erudines.
