1898 3016
725 101 1099 150 -75-

99 229 290 277 adsidue
336 227 497 275 inlitus
553 230 697 275 aciem
747 227 989 274 oculorum
1035 226 1230 288 caligine
1283 233 1530 274 extenuata
1582 240 1689 273 con·

99 300 263 347 firmat.
313 297 598 344 Scarabaeus
629 297 797 344 coloris
829 296 1110 357 smaragdini
1132 302 1313 343 tantum
1337 296 1553 343 beneficii
1576 310 1683 342 ocu-
1696 306 1774 343 100

98 368 154 415 lis
198 374 434 429 praestare
480 367 673 429 dicitur,
717 373 769 414 ut
815 368 1037 413 visionem
1082 367 1126 413 ei
1162 367 1477 412 acutissimam
1515 365 1690 427 reddat,

99 439 179 499 qni
216 451 323 484 eum
367 436 706 497 contemplatus
752 437 893 483 fuerit
937 436 1141 483 adsidue.
1215 434 1405 482 Cocleas
1446 436 1773 482 Africanaslol

55 521 229 553 overas
275 521 415 568 super
461 508 656 567 spissam
703 506 971 552 craticulam
1016 505 1265 566 dispositas
1308 506 1468 566 ponito
1507 511 1553 550 et
1591 518 1693 550 car-

97 576 242 622 bones
280 590 411 622 acres
448 574 640 621 adsidue
679 577 936 638 suggerito,
975 581 1027 621 ut
1063 574 1319 635 aequaliter
1357 573 1691 635 conburentur,

97 645 264 692 deinde
308 646 530 692 mortario
577 645 737 707 terit0,
784 651 837 691 ut
880 645 1208 691 tenuissimum
1248 659 1303 690 ex
1339 643 1413 690 his
1451 643 1690 704 pulverem

97 715 259 776 facias,
303 715 572 775 adiectaque
610 713 759 759 mellis
797 714 939 760 Attici
976 713 1125 774 cotyla
1164 728 1255 761 una
1300 715 1473 760 iterum
1510 712 1692 759 validis·

97 786 212 830 sime
265 786 403 830 terito
456 791 502 830 et
553 783 849 844 postmodum
902 785 947 828 in
1000 782 1188 829 vasculo
1240 783 1371 829 fictili
1423 797 1597 843 repone
1646 789 1692 829 et

31 869 73 899 ιο
97 856 226 915 signa
258 861 303 900 et
333 868 438 900 cum
463 853 602 899 alicui
631 852 809 898 mederi
834 852 972 914 voles,
1005 851 1195 913 specillo
1226 851 1333 898 inde
1364 866 1471 898 eum
1503 853 1691 913 inunge,

95 925 215 969 intra
248 930 427 984 'paucos
458 922 556 968 dies
587 923 813 983 integram
846 924 991 968 aciem
1022 924 1122 968 eius
1153 921 1417 982 claramque
1448 922 1683 967 restitues.

95 991 169 1038 Fit
199 1007 254 1038 ex
288 994 441 1053 vipera
474 991 717 1052 collyrium
748 991 803 1037 ad
832 991 1051 1052 caligines
1083 990 1327 1037 oculorum
1358 990 1774 1052 adaperiendas102
1824 1045 1828 1048 .

95 1061 504 1123 discutiendasque
543 1061 805 1119 mirificum.
859 1060 1252 1122 Comprehensam
1290 1061 1433 1121 igitur
1471 1062 1692 1106 occisam-

97 1145 186 1191 que
225 1133 428 1192 viperam
459 1133 507 1176 in
537 1145 644 1176 vaso
677 1130 807 1176 fictili
837 1144 1036 1191 repones
1068 1144 1261 1191 eamque
1293 1129 1386 1176 illic
1416 1136 1690 1191 putrescere

31 1215 73 1246 15
94 1202 354 1263 permittes,
391 1200 537 1246 donec
575 1215 631 1245 ex
669 1214 720 1245 ea
759 1199 1002 1246 vermiculi
1038 1205 1310 1261 nascantur3
1347 1199 1434 1245 hos
1472 1199 1614 1259 eliges
1646 1205 1692 1245 et

96 1277 311 1316 conteres
356 1276 402 1316 et
447 1269 619 1315 adicies
665 1269 738 1314 his
783 1270 909 1315 croci
953 1268 1190 1329 paululum
1253 1274 1299 1315 et
1343 1270 1514 1315 iterum
1566 1275 1691 1315 teres

96 1345 235 1399 atque
274 1339 380 1385 inde
412 1339 599 1399 collyria
630 1339 770 1384 facies
801 1344 847 1384 et
878 1339 944 1384 sic
976 1353 1083 1384 cum
1114 1338 1248 1384 melle
1278 1338 1431 1384 Attico
1463 1345 1543 1384 aut
1572 1338 1690 1384 lacte

95 1408 311 1454 muliebri
362 1408 508 1455 oculis
554 1410 775 1469 inunges;
828 1407 950 1454 idem
996 1413 1203 1468 praestat
1247 1414 1293 1454 et
1338 1409 1456 1454 cinis
1505 1409 1690 1468 viperae

97 1477 371 1540 conbustae,
417 1479 538 1524 sicut
582 1491 723 1537 supra
768 1478 996 1537 scriptum
1041 1483 1132 1539 est,
1177 1477 1258 1523 sed
1303 1491 1410 1523 cum
1454 1477 1527 1523 his
1573 1491 1690 1538 quae

28 1547 170 1593 aohic
209 1547 385 1594 adiecta
424 1553 532 1593 sunt
569 1552 869 1608 temperatus.
934 1546 1085 1592 Salem
1125 1561 1262 1607 quam
1301 1546 1773 1594 candIdissimum103

95 1618 279 1663 ieiunus
326 1618 364 1662 si
409 1616 579 1663 cotidie
617 1617 896 1678 gustaveriS,
942 1630 1125 1662 omnem
1164 1615 1406 1662 oculorum
1445 1615 1690 1677 caliginem

96 1688 186 1733 cito
233 1686 517 1732 extenuabis.
591 1685 672 1731 Fel
717 1687 930 1732 ursinum
975 1691 1114 1746 atque
1155 1685 1359 1747 hyaenae
1398 1700 1506 1732 cum
1547 1685 1775 1735 melle104

96 1757 271 1816 optimo
309 1757 504 1802 mixtum
543 1762 589 1801 et
626 1755 704 1801 diu
744 1756 1025 1815 coagitatum
1063 1754 1284 1815 caligines
1322 1757 1495 1817 eximit,
1538 1757 1577 1801 si
1614 1755 1691 1801 ad-

98 1825 229 1871 sidue
274 1825 380 1871 inde
426 1824 549 1871 oculi
594 1824 920 1871 suffundantur
958 1831 1037 1870 aut
1075 1824 1439 1885 superlinantur.
1511 1824 1774 1885 Adipes105

31 1907 76 1940 25
99 1896 303 1940 omnium
342 1893 595 1940 fluvialium
634 1896 831 1954 piscium
865 1895 912 1940 in
945 1893 1041 1940 sole
1072 1893 1346 1955 liquefactae
1378 1894 1690 1955 adiunctoque

98 1963 231 2010 melle
269 1965 531 2010 inunctioni
568 1963 800 2009 adhibitae
837 1964 1031 2009 mirifice
1070 1963 1218 2009 oculis
1250 1963 1555 2024 caligantibus
1587 1978 1690 2025 pro-

99 2040 219 2080 sunt.
278 2032 460 2079 Herbae
500 2032 785 2079 chelidoniae
818 2047 996 2094 sucum,
1027 2033 1218 2079 feniculi
1247 2047 1413 2080 sucum
1451 2033 1507 2079 ad
1547 2043 1774 2094 quar-106

98 2104 239 2149 tarios
285 2103 492 2163 singulos
538 2104 680 2148 misce
723 2116 830 2148 cum
867 2101 1017 2148 mellis
1062 2104 1225 2163 optimi
1270 2105 1518 2164 quartariis
1558 2107 1688 2163 quat-

96 2179 204 2218 tuor
235 2179 280 2218 et
314 2172 473 2219 oculos
508 2172 756 2233 gravedine
791 2178 837 2217 et
874 2171 1162 2231 aspritudine
1200 2172 1463 2219 laborantes
1502 2165 1689 2233 inunge,

33 2254 76 2286 30
98 2243 213 2287 mire
265 2242 496 2304 proderit3
546 2241 626 2288 sed
673 2240 812 2288 simul
856 2243 1009 2287 omnia
1054 2241 1262 2302 decoque
1307 2243 1355 2287 in
1400 2256 1508 2287 vaso
1553 2255 1689 2288 aereo

98 2317 143 2357 et
187 2313 253 2357 sic
298 2313 557 2358 inunctioni
601 2326 800 2357 reserva.
873 2310 1011 2371 Lapis
1056 2311 1237 2357 medius
1274 2313 1322 2356 in
1360 2310 1517 2371 lupina
1555 2310 1773 2372 pelli-107

98 2380 200 2427 cula
252 2381 509 2441 subligatus
563 2381 679 2427 collo
733 2388 870 2441 atque
917 2382 978 2426 ita
1024 2380 1103 2427 diu
1147 2386 1380 2442 portatus,
1433 2380 1514 2426 sed
1559 2381 1691 2441 prius

97 2449 313 2496 muliebri
356 2450 474 2497 lacte
517 2457 829 2511 pertractatus
876 2463 968 2495 non
1007 2456 1185 2497 tantum
1224 2451 1444 2510 caligines
1483 2456 1690 2512 tenuare,

42 2574 46 2579 Α
98 2534 260 2566 verum
284 2521 421 2566 etiam
444 2520 715 2582 ypochysim
739 2520 971 2566 discutere
996 2526 1043 2565 et
1067 2520 1312 2566 obductam
1338 2521 1484 2566 aciem
1507 2521 1690 2580 aperire

37 2591 351 2636 esconsuevit.
413 2589 580 2652 Hygra,
620 2604 735 2651 quae
774 2589 966 2651 prodest
1004 2590 1132 2636 valde
1170 2590 1226 2636 ad
1259 2589 1500 2650 caliginem
1532 2589 1682 2635 deter-
1696 2598 1774 2636 108

215 2743 234 2778 1
266 2737 315 2779 in
345 2737 574 2779 confirmat
601 2738 855 2781 vocabulum
884 2739 1043 2780 desinit
1072 2736 1203 2779 codeae
1231 2749 1362 2791 usque
1391 2738 1448 2779 ad
1478 2741 1500 2787 ξ
1529 2740 1620 2778 168.
