1898 3016
0 200 34 562 :ar-*fflssssinm

7 980 14 1002 ν’
6 875 24 935 „027”
6 661 29 848 .-,·,⁹÷>·÷rm³-z-r‹ae·ss‡
0 565 30 643 ⁴1:³35&

664 731 1144 790 PRAEFATIO.

211 933 446 994 Marcelli,
493 947 634 992 quem
669 932 816 991 vulgo
852 931 1025 978 vocant
1068 929 1366 991 empiricum‚
1411 930 1467 975 de
1505 929 1706 975 medica-

7 1011 12 1026 ⁸
106 1010 278 1056 mentis
300 1010 422 1055 liber
443 1024 552 1069 uno,
583 1009 708 1068 quod
731 1007 949 1067 equidem
974 1007 1132 1068 sciam,
1163 1006 1319 1053 codice
1343 1007 1478 1053 nobis
1502 1007 1708 1053 traditus

6 1088 18 1146 {ss
107 1089 200 1146 est,
236 1086 607 1132 Laudunensi
636 1087 738 1131 420
775 1079 939 1146 (antea
964 1077 1105 1148 326).
1180 1083 1274 1138 Qui
1308 1084 1708 1144 membranaceus,

6 1155 25 1230 ζ
106 1162 330 1208 foliorum
380 1161 802 1221 OLXXXXVIIII,
847 1162 1036 1207 saeculo
1082 1161 1226 1207 VIIII
1276 1161 1452 1220 optime
1505 1161 1709 1219 scriptus

108 1231 189 1301 (cf.
229 1238 476 1297 Uataloyue
508 1239 694 1297 ye'ne'ral
729 1239 806 1284 des
841 1240 1118 1285 manuscrits
1163 1240 1240 1284 des
1276 1239 1591 1295 bibliotheques
1617 1253 1709 1295 pu-

108 1315 279 1373 bliques
301 1316 378 1362 des
399 1315 728 1373 de'partements
750 1319 852 1361 toni.
875 1314 900 1359 Ι
913 1329 963 1372 p.
991 1308 1132 1378 223),
1162 1330 1256 1361 non
1277 1315 1464 1374 integer
1486 1314 1704 1373 pervenit

107 1392 168 1437 ad
219 1394 430 1438 nostram
479 1394 700 1438 aetatem.
771 1390 970 1437 Initium
1013 1392 1115 1437 eius
1162 1406 1287 1437 nunc
1332 1394 1405 1438 est
1455 1407 1483 1436 a
1530 1391 1708 1438 verbis:

106 1469 346 1526 Incipiunt
388 1469 607 1526 epistulae
650 1469 934 1515 diversorum
977 1469 1032 1514 de
1075 1470 1293 1525 qualitate
1328 1473 1369 1514 et
1403 1469 1709 1515 observatione

106 1546 367 1591 medicinae.
427 1545 636 1602 Larqius
657 1545 1019 1602 Desiynatianus
1040 1546 1153 1600 siliis
1173 1546 1272 1591 suis
1293 1545 1485 1591 salutem
1508 1545 1550 1591 d.
1585 1537 1652 1607 (p.
1676 1545 1708 1590 4

107 1621 248 1667 huius
288 1614 545 1684 editionis).
618 1621 956 1667 Desiderantur
1003 1620 1153 1679 igitur
1194 1620 1336 1666 index
1379 1620 1708 1679 capitulorum,

106 1694 321 1743 Marcelli
359 1698 566 1757 epistula
603 1698 663 1744 ad
698 1698 822 1743 filios
859 1698 991 1758 data,
1035 1698 1133 1742 tres
1172 1696 1537 1756 disputationes,
1583 1711 1705 1754 quae

109 1777 222 1821 sunt
244 1774 300 1820 de
323 1775 556 1821 mensuris
580 1778 627 1821 et
656 1774 944 1833 ponderibus
974 1772 1346 1832 medicinalibus,
1378 1772 1499 1818 duae
1523 1772 1707 1833 Latine,

14 1905 18 1908 ⁴
107 1851 252 1896 tertia
297 1851 474 1896 Graece
526 1851 742 1909 scriptae.
817 1849 921 1904 Qua
966 1849 1151 1895 iactura
1199 1850 1341 1908 primi
1385 1849 1709 1909 quaternionis

107 1927 186 1973 vel
214 1927 442 1973 ternionis
474 1927 653 1973 factum
683 1928 769 1987 est,
798 1928 856 1971 ut
883 1925 1023 1972 hodie
1053 1941 1288 1985 nusquam
1316 1926 1366 1972 in
1395 1927 1553 1972 codice
1584 1927 1709 1972 Mar-

108 2004 215 2049 celli
244 2019 415 2049 nomen
444 2004 729 2063 reperiatur,
767 2004 826 2048 ob
858 2017 1055 2061 eamque
1085 2017 1288 2060 causam,
1318 2018 1377 2048 ne
1407 2003 1552 2048 codex
1582 2004 1708 2048 esset

109 2093 384 2139 anonymus,
422 2080 494 2126 vir
533 2080 698 2126 doctus
734 2078 1010 2125 recentioris
1041 2079 1212 2126 aetatis
1248 2080 1298 2124 in
1325 2079 1539 2138 margine
1569 2078 1710 2137 primi

109 2156 212 2202 folii
249 2157 456 2215 scripsit:
512 2157 776 2203 Vindiciani
810 2157 1035 2202 medicina
1079 2155 1339 2215 eademque
1382 2155 1616 2202 vocabula
1659 2156 1709 2201 in

110 2235 300 2293 tergore
337 2233 449 2279 libri
478 2233 654 2280 litteris
685 2233 842 2279 aureis
874 2233 1104 2291 impressa
1135 2235 1257 2279 sunt.
1310 2232 1402 2278 Sed
1430 2247 1525 2279 non
1554 2233 1710 2279 solum

109 2309 312 2370 initium,
334 2325 500 2357 verum
523 2311 665 2356 etiam
688 2309 794 2355 finis
818 2309 988 2355 codicis
1012 2312 1286 2368 temporum
1314 2309 1491 2354 iniuria
1513 2309 1708 2370 interiit,

110 2385 282 2432 desinit
318 2387 441 2432 enim
476 2388 525 2432 in
561 2387 826 2433 vocabulis:
862 2386 1056 2444 Spinam
1093 2401 1145 2432 cx
1172 2388 1290 2444 pede
1325 2387 1394 2432 vel
1430 2400 1710 2444 quacumque

111 2465 312 2520 corporis
346 2467 484 2520 parte
531 2457 592 2527 (c.
624 2465 772 2524 34‚85
805 2480 848 2523 p.
884 2466 982 2511 356
1014 2465 1059 2509 h.
1091 2457 1199 2527 ed).
1281 2462 1434 2517 Quam
1475 2463 1710 2509 iacturam

112 2539 332 2585 extremis
377 2539 560 2586 duobus
604 2541 995 2599 quaternionibus
1044 2540 1227 2586 amissis
1272 2541 1563 2586 contractam
1607 2553 1709 2585 esse

110 2614 230 2662 inita
265 2616 450 2662 ratione
495 2616 632 2663 facile
671 2617 921 2678 colligitur.
995 2616 1087 2662 Sed
1122 2631 1180 2662 ne
1219 2615 1364 2661 ceteri
1402 2616 1591 2675 quidem
1627 2615 1710 2674 qui

29 2695 32 2699 '
110 2691 169 2737 ab
206 2691 342 2738 initio
380 2692 573 2739 fuerunt
610 2693 782 2740 codicis
818 2693 1056 2739 terniones
1093 2692 1171 2740 vel
1207 2692 1538 2751 quaterniones
1575 2692 1709 2738 nobis

112 2768 289 2815 servati
326 2772 457 2829 sunt;
503 2770 673 2816 desunt
717 2770 843 2816 enim
878 2770 1017 2816 hodie
1054 2769 1385 2829 quaterniones
1423 2768 1466 2814 V
1505 2772 1553 2815 et
1589 2768 1725 2840 VIII,

1315 2846 1373 2887 a*
