1898 3016
748 146 812 152 —
891 116 986 167 191
1063 146 1128 151 --

141 251 203 296 tis
234 246 430 295 vinculis
462 259 653 293 rursum
679 259 941 308 perungere
966 252 1012 292 et
1035 245 1204 292 fricare
1228 250 1377 291 totum
1401 259 1574 306 corpus
1597 251 1736 307 atque

141 320 204 366 ita
244 318 463 364 varietate
495 315 708 363 ciborum
739 321 785 362 et
814 316 1138 376 perunctionis
1169 314 1459 361 stomachum
1490 316 1737 377 proritare,

140 390 204 435 ita
242 394 294 434 ut
330 386 602 434 reficiantur
639 385 753 432 alica
783 399 840 431 ex
872 384 1021 432 mulso
1053 391 1132 431 aut
1162 383 1388 431 malorum
1421 384 1736 446 cydoneorum

142 472 254 505 suco
299 456 371 503 vel
416 470 472 502 ex
519 456 676 516 granis
713 454 904 502 Punicis
949 455 1070 502 facto
1115 461 1194 501 aut
1238 455 1278 500 si
1320 468 1437 516 quos
1475 455 1621 515 magis
1659 454 1735 501 de-

100 540 119 572 5
142 525 331 574 lectabit
376 525 541 586 frigida
587 539 750 587 posca3
803 524 1061 571 secundum
1105 538 1222 585 quae
1275 530 1457 585 sumpta
1511 531 1558 570 et
1609 524 1737 586 apala

140 596 401 658 proderunt
437 609 520 641 ova
559 600 605 640 et
641 593 794 641 intubi
830 596 951 641 cocti
988 593 1060 640 vel
1090 608 1183 640 non
1221 595 1343 640 cocti
1380 608 1436 640 ex
1474 599 1604 640 aceto
1643 593 1738 640 dati

140 668 347 727 itemque
384 665 591 711 lactucae
629 670 677 710 et
714 663 870 710 caules
908 663 1157 725 haplosiles
1189 678 1245 710 ex
1275 677 1415 726 posca
1446 663 1629 710 decocti
1658 670 1738 710 aut

141 735 313 797 ungula
351 735 544 797 porcina
582 739 772 780 excocta
809 739 856 780 et
892 734 1097 797 madida3
1137 733 1267 780 vulva
1298 747 1484 794 quoque
1519 739 1565 780 et
1593 734 1736 780 muri-

141 820 220 853 ces
264 811 311 852 et
354 803 588 866 pelorides
624 802 878 864 plurimum
915 805 1075 850 iuvant
1118 810 1166 850 et
1201 817 1447 864 pomorum
1484 805 1738 865 praecipue

79 888 119 918 10
140 874 277 923 sorba
321 879 368 920 et
410 872 528 920 mala
572 871 828 919 orbiculata
873 879 919 919 et
962 874 1063 934 pira
1111 872 1390 936 Scaudiana,
1436 872 1736 919 Crustumina

142 945 425 1006 Signinaque
469 945 519 989 in
563 942 650 988 olla
695 944 920 1005 reposita3
971 943 1085 989 item
1127 948 1326 1004 prosunt
1370 956 1486 989 uvae
1538 956 1594 988 ex
1648 941 1735 988 olla

142 1020 366 1075 sumptae.
432 1011 556 1059 Haec
601 1014 726 1059 enim
764 1019 811 1059 et
846 1012 1115 1059 huiusmodi
1153 1026 1271 1073 quae
1310 1017 1421 1058 sunt
1456 1011 1529 1058 his
1568 1011 1735 1058 similia

142 1085 418 1131 confirmant
455 1082 766 1144 stomachum3
801 1082 971 1143 quibus
1011 1083 1131 1128 escis
1169 1087 1216 1128 et
1252 1081 1612 1143 insequentibus
1643 1081 1738 1128 die·

55 1195 58 1198 ,
143 1154 230 1200 bus
268 1155 338 1200 uti
376 1151 611 1213 oportebit
647 1151 869 1212 paulatim
914 1152 970 1198 ad
1009 1151 1398 1198 consuetudinem
1429 1151 1739 1212 progredien-

82 1234 123 1266 15
146 1231 230 1287 tes,
268 1222 416 1269 donec
455 1222 582 1267 omni
616 1220 828 1267 molestia
864 1220 1137 1268 liberentur.

283 1291 367 1338 Est
405 1298 452 1337 et
487 1290 602 1337 illud
641 1290 867 1337 stomachi
904 1292 1089 1353 vitium,
1136 1290 1260 1352 quod
1299 1304 1406 1337 cum
1445 1291 1654 1337 siccitate
1693 1295 1739 1337 et

144 1361 309 1409 ardore
348 1362 449 1407 eius
487 1366 534 1406 et
570 1361 649 1406 siti
685 1358 983 1422 inrequiebili
1028 1366 1094 1424 et,
1139 1366 1191 1407 ut
1227 1362 1289 1406 ita
1327 1359 1497 1422 dicam,
1542 1361 1739 1406 inextin-

143 1430 306 1493 guibili
344 1431 572 1492 nascitur3
611 1431 827 1476 eccausin
866 1429 953 1476 hoc
991 1429 1156 1476 Graeci
1192 1435 1379 1492 vocant,
1422 1429 1478 1475 ab
1523 1443 1576 1475 eo
1615 1429 1740 1490 quod

146 1502 349 1548 exsiccat
378 1514 564 1546 omnem
595 1499 823 1546 stomachi
852 1514 1077 1546 umorem.
1133 1499 1316 1546 Scimus
1348 1498 1574 1560 quosdam
1598 1513 1740 1545 urnas

84 1583 125 1614 20
148 1585 294 1632 aquae
332 1569 507 1616 bibisse
538 1583 624 1615 nec
656 1570 781 1615 sitim
811 1568 963 1630 aliqua
995 1584 1050 1615 ex
1080 1574 1212 1630 parte
1243 1570 1291 1614 in
1321 1570 1585 1630 praesentia
1618 1583 1739 1615 com-

144 1641 397 1702 pescuisse.
470 1638 539 1685 Ad
583 1639 672 1685 hoc
717 1639 935 1685 denarius
982 1653 1104 1686 unus
1150 1638 1219 1684 vel
1273 1638 1456 1699 pondus
1509 1639 1742 1685 victoriati

145 1711 303 1757 datum
350 1723 404 1755 ex
451 1722 597 1768 aquae
641 1709 835 1769 frigidae
881 1708 1058 1770 cyathis
1103 1707 1257 1756 tribus
1308 1710 1370 1754 ita
1422 1708 1636 1770 prodest,
1688 1714 1740 1754 ut

146 1779 278 1826 facile
317 1778 550 1824 abstinere
589 1793 613 1824 a
651 1785 765 1839 potu
802 1778 967 1825 diebus
1004 1779 1230 1839 proximis
1266 1779 1461 1840 possint.

285 1848 496 1894 Lienosis
534 1862 642 1894 vero
674 1862 730 1893 ex
759 1862 900 1908 posca
931 1854 977 1894 et
1006 1849 1226 1894 iocineris
1258 1848 1478 1894 duritiem
1510 1847 1738 1894 diutinam

83 1930 123 1961 25
145 1916 428 1964 habentibus
467 1931 522 1963 ex
561 1931 679 1978 aqua
709 1917 857 1964 mulsa
887 1917 1046 1964 datum
1078 1919 1189 1964 satis
1221 1919 1438 1964 convenit
1467 1931 1555 1963 nec
1585 1919 1740 1964 minus

145 1988 427 2050 hydropicis,
466 1986 636 2047 quibus
673 1986 810 2033 datur
840 1987 999 2033 eadem
1030 1988 1225 2034 ratione.
1275 1986 1364 2033 Sed
1397 1987 1470 2032 his
1499 2001 1584 2048 per
1615 2001 1737 2033 com-

145 2057 305 2118 plures
349 2056 448 2103 dies
493 2055 727 2118 oportebit
771 2058 819 2102 in
860 2058 1067 2118 ptisanae
1113 2071 1324 2103 cremore
1369 2058 1469 2103 sine
1514 2056 1608 2103 ullo
1651 2056 1739 2102 alio

145 2126 326 2188 liquore
372 2126 493 2188 dari3
539 2126 731 2187 prodest
778 2128 1052 2187 compositio
1097 2126 1210 2173 haec
1256 2132 1303 2173 et
1348 2126 1448 2173 colo
1493 2126 1650 2172 inflato
1694 2132 1740 2172 et

147 2198 316 2244 ceteris
361 2197 619 2258 intestinis3
665 2195 846 2242 futuras
892 2210 1078 2257 quoque
1115 2195 1186 2242 vel
1225 2197 1316 2242 iam
1354 2196 1497 2243 factas
1535 2197 1739 2241 vomicas

83 2277 124 2309 30
146 2266 294 2313 isdem
332 2265 546 2327 partibus
585 2271 663 2311 aut
701 2265 892 2311 discutit
929 2271 1008 2312 aut
1046 2264 1246 2312 celerius
1285 2266 1446 2325 aperit.

285 2335 402 2381 Item
432 2341 671 2382 menstrua
703 2341 855 2381 movet
886 2334 1175 2397 mulieribus,
1209 2349 1326 2395 quae
1354 2334 1605 2381 difficulter
1628 2348 1736 2395 pur-

146 2411 335 2467 gantur3
381 2404 583 2451 dandum
628 2412 783 2452 autem
833 2406 921 2451 erit
966 2404 1039 2450 his
1083 2404 1475 2451 medicamentum
1513 2419 1566 2450 ex
1607 2418 1738 2465 aqua,

147 2477 194 2521 in
233 2489 323 2536 qua
354 2474 640 2535 decoquatur
669 2475 828 2536 herba,
866 2489 983 2536 quae
1023 2475 1257 2521 artemisia
1288 2474 1472 2535 dicitur,
1510 2479 1590 2520 aut
1621 2488 1738 2535 quae

148 2544 404 2591 dictamnos
442 2544 711 2606 appellatur.
771 2544 923 2590 Etiam
962 2543 1016 2590 ad
1055 2543 1246 2605 papulas
1284 2551 1330 2590 et
1369 2557 1552 2590 sacrum
1583 2545 1739 2604 ignem

292 2711 312 2747 7
352 2705 551 2749 lactucae
590 2708 736 2749 caules
775 2720 872 2749 cum
909 2706 1029 2750 foliis
1068 2720 1120 2749 ex
1160 2719 1293 2761 posca
1337 2705 1508 2748 decocti
1547 2705 1744 2748 Scribon.

152 2765 202 2803 10
235 2761 473 2804 Scauriana,
503 2763 755 2806 Carnarius.

1773 1300 1825 1338 10

1771 1857 1821 1895 11

1770 2344 1828 2381 12
