1930 3008
803 104 1048 154 —384
1125 132 1183 138 -

266 230 399 295 Irim,
437 238 701 279 castoreum
740 233 1032 295 scillamque,
1069 234 1249 294 opium,
1287 247 1557 294 panaceam,

267 300 507 364 Resinam,
544 302 772 365 lepidum,
811 303 1097 364 euforbium,
1135 304 1202 363 git
1239 307 1377 363 atque
1415 302 1710 365 pyrethrum,

268 371 485 432 Zingiber
524 378 570 419 et
607 372 829 435 calidum,
865 373 1057 419 mordax
1094 374 1229 433 piper
1268 379 1314 418 et
1350 372 1471 418 laser
1508 371 1665 432 algens

264 441 607 503 Agaricumque
645 457 925 504 asarumque
962 448 1150 505 potens,
1189 442 1342 504 aloen,
1380 443 1636 505 aconitum,
1809 455 1849 488 55

265 510 486 573 Galbana,
525 511 844 574 sandaracam,
882 526 1168 574 samsucum,
1205 513 1464 573 psoricum,
1501 511 1705 573 alumen,

263 580 475 627 Acaciam
515 581 840 642 propolimque
879 588 926 628 et
963 582 1183 644 adarcen,
1221 596 1419 645 cnecon,
1457 581 1706 628 acanthum

263 650 576 697 Andrachnen
614 665 880 712 acoronque
918 666 1184 712 opopanaca
1221 650 1670 712 pompholygemque

264 719 496 781 Cyperum
534 720 750 767 ladanum
787 735 1143 782 sagapenonque
1182 727 1229 767 et
1265 720 1638 783 tragacanthum,

264 788 576 854 Scamoniam,
614 791 773 853 cyphi,
809 790 1129 837 malabathron
1168 788 1282 853 <et>
1321 792 1655 837 ammoniacon.
1808 803 1848 834 60

261 857 472 920 Denique
510 863 751 921 repperies
788 862 914 921 istic,
954 861 1076 921 quod
1114 860 1233 907 lucis
1270 862 1318 907 in
1357 866 1463 907 ortu

261 927 426 992 Indus,
463 929 632 992 Arabs,
673 930 832 998 Seres,
870 931 1038 976 Perses
1075 931 1296 991 divesque
1334 930 1539 976 Sabaeus

262 997 424 1044 Vicino
463 999 550 1046 sub
589 999 684 1046 sole
723 1000 905 1062 legunt,
944 1000 1067 1061 quod
1106 1000 1300 1060 praebet
1337 999 1559 1061 Orontes,

261 1067 498 1115 Eximium
534 1071 693 1130 ignoto
734 1071 876 1116 mittit
913 1070 1037 1130 quod
1074 1069 1208 1115 Nilus
1247 1069 1303 1115 ab
1342 1075 1469 1131 ortu,

260 1137 546 1199 Decerptum
583 1139 728 1201 foliis,
765 1153 915 1201 ramo,
954 1144 1082 1201 cute,
1121 1140 1317 1201 cortice,
1354 1140 1502 1200 virga,
1806 1149 1846 1181 65

262 1206 491 1268 Quodque
529 1208 586 1254 ab
624 1208 854 1255 Idumaeis
892 1215 1076 1255 vectum
1115 1208 1311 1269 seplasia
1349 1208 1556 1254 vendunt

259 1275 319 1323 Et
356 1278 579 1338 quicquid
619 1279 801 1325 confert
838 1278 1032 1325 medicis
1070 1278 1246 1340 Lagaea
1283 1278 1503 1339 cataplus.

258 1345 382 1393 Haec
421 1349 706 1410 quicumque
743 1348 892 1409 leges,
929 1349 1107 1409 poteris
1145 1348 1413 1395 discernere
1450 1353 1629 1411 tecum,

258 1416 563 1477 Agnoscenda
602 1420 746 1478 magis
784 1420 880 1464 sive
918 1418 1178 1464 exercenda
1216 1419 1376 1464 rearis.

259 1485 467 1547 Quisque
506 1493 660 1534 tamen
695 1494 912 1534 nostrum
940 1488 1030 1534 hoc
1061 1488 1267 1534 studium
1299 1486 1571 1550 dignabere,
1611 1501 1781 1549 quaeso
1805 1498 1845 1528 ⁷0

257 1555 473 1603 Praestes
509 1558 735 1604 iudicium
773 1571 945 1618 purum
983 1564 1279 1618 mentemque
1316 1557 1577 1617 benignam.

260 1625 336 1672 Sic
374 1632 453 1673 tua
490 1635 719 1689 perpetuo
757 1634 1033 1688 vegetentur
1070 1627 1277 1674 membra
1315 1629 1472 1688 vigore

256 1694 317 1742 Et
353 1711 548 1758 peragas
586 1697 812 1758 placidam
850 1711 935 1758 per
971 1697 1115 1744 multa
1153 1697 1377 1744 decennia
1415 1698 1567 1743 vitam.

259 1765 336 1812 Sic
374 1780 467 1812 non
505 1768 694 1814 incuses
731 1766 927 1813 validam
964 1767 1286 1828 placidamque
1325 1772 1559 1813 senectam

255 1835 352 1882 Nec
390 1836 475 1882 tibi
513 1838 574 1884 sit
609 1837 804 1883 medicis
842 1851 960 1897 opus
997 1851 1217 1898 umquam
1254 1851 1340 1883 nec
1377 1835 1464 1882 tibi
1501 1849 1636 1882 casus
1804 1847 1843 1877 75

254 1905 348 1952 Aut
385 1906 576 1954 morbus
614 1908 797 1968 pariant
833 1906 980 1953 ullum
1019 1907 1297 1968 quandoque
1335 1905 1563 1968 dolorem,

257 1974 348 2021 Sed
385 1976 552 2036 procul
590 1992 613 2023 a
652 1978 781 2023 curis
818 1983 864 2023 et
902 1991 1014 2023 sano
1053 1991 1249 2037 corpore
1286 1978 1431 2038 vivas,

256 2044 473 2107 Quotque
511 2046 587 2092 hic
627 2053 737 2093 sunt
774 2061 959 2109 versus,
997 2052 1066 2095 tot
1103 2052 1241 2107 agant
1277 2051 1356 2093 tua
1389 2053 1600 2107 tempora
1630 2043 1778 2091 Ianos.

326 2182 378 2221 53
409 2180 626 2235 lepidum]
657 2181 696 2223 si
727 2181 848 2223 lectio
882 2185 942 2224 est
971 2181 1154 2234 inteyra,
1183 2179 1398 2233 lepidium
1427 2180 1565 2222 dicere
1594 2180 1776 2221 videtur.

184 2235 458 2288 euphorbum
493 2236 815 2279 Constantinus.
976 2239 1028 2277 59
1061 2236 1332 2289 sagapenion
1363 2236 1408 2277 et
1435 2235 1777 2290 tragacantham

182 2291 321 2333 Riese.
494 2296 547 2333 60
578 2292 708 2346 cyphi
747 2293 924 2346 scripsi:
963 2305 1103 2345 cypen
1143 2292 1391 2335 Carnarius.
1489 2294 1501 2307 ⁸
1533 2289 1645 2346 <et>
1675 2291 1774 2332 add.

183 2346 437 2390 Salmasius.
576 2351 626 2389 62
659 2349 803 2390 Persis
838 2347 1087 2391 Gornarius.
1225 2351 1277 2389 67
1308 2346 1484 2401 Lagaea
1513 2346 1776 2389 Salmasius:

181 2402 359 2456 lalagea
392 2403 640 2447 Carnarius.
761 2407 814 2446 74
843 2404 1142 2458 placitamque
1175 2403 1423 2446 Cornarius.
