1898 3016
733 100 1083 150 ...43-

112 235 260 289 gatur.
321 226 506 273 Semine
546 226 700 274 salicis
737 229 939 274 contrito
978 233 1118 288 caput
1154 227 1332 274 lautum
1370 227 1578 274 furfures
1609 229 1702 274 cito
1737 237 1787 275 18

112 297 268 344 deicit.
326 295 422 342 Ovo
460 296 712 356 gallinaceo
744 303 884 358 caput
913 296 1110 359 inlinito,
1148 303 1309 358 postea
1339 311 1455 358 aqua
1488 296 1558 343 vel
1589 311 1702 343 suco
1739 307 1786 344 19

112 365 284 413 herbae
322 365 610 429 cyclaminiS,
648 381 766 428 quae
805 366 1081 414 orbicularis
1119 366 1311 427 dicitur,
1357 373 1496 426 caput
1533 366 1703 413 lavato:

114 436 201 482 hoc
249 441 384 497 pacto
428 434 589 482 lendes
635 439 787 483 necati
830 436 951 483 ultra
996 451 1088 482 non
1127 441 1452 483 renascuntur.
1518 435 1702 482 Puerile
1734 446 1788 483 20

65 519 90 552 ὅ
114 505 276 552 lotium
313 506 438 552 nitro
476 504 732 552 admixtum
769 506 925 552 ulcera
965 521 1081 567 quae
1113 512 1366 567 erumpunt
1395 505 1521 551 lauto
1552 507 1702 566 capite

112 577 229 621 mire
274 574 467 621 delinit:
518 581 763 635 expertum
815 576 1087 622 remedium.
1162 575 1318 622 Cornu
1366 576 1607 621 cervinum
1655 576 1702 621 in
1734 585 1785 622 21

112 644 300 691 scobem
336 644 547 690 limatum
584 651 631 691 et
668 659 775 691 cum
812 647 918 691 vino
955 651 1119 706 potum
1162 644 1323 691 lendes
1368 651 1532 691 enecat
1571 658 1703 691 rena-

111 716 272 775 scique
302 727 396 760 non
425 715 612 774 patitur.
671 714 863 761 Stercus
894 715 1149 761 scrofinum
1179 716 1286 760 vino
1316 715 1564 760 inmixtum
1596 727 1702 761 cum
1735 724 1786 762 22

111 797 215 830 rosa
251 783 439 844 liquida,
477 783 523 829 id
562 789 634 830 est
670 798 804 830 rosae
842 798 969 846 suco,
1006 784 1167 830 lendes
1198 783 1582 845 pedunculosque
1612 783 1702 830 dis-

44 867 87 898 10
111 854 302 900 cruciat.
368 852 494 899 Felle
540 852 670 899 vituli
716 860 853 914 capu*
893 859 1175 914 perunctum
1211 853 1373 899 lendes
1411 854 1702 899 exterminat.
1733 863 1786 900 23

111 923 344 983 Axungiae
382 923 554 969 veteris
592 925 843 985 semuncia,
883 926 979 970 sevi
1017 924 1196 983 caprini
1231 924 1484 984 semuncia,
1520 923 1702 968 resinae
1734 932 1787 970 24

108 992 373 1053 perlucidae
405 993 656 1054 semuncia,
688 992 905 1039 aluminis
936 993 1172 1039 infectorii
1203 993 1454 1039 semuncia.
1506 991 1703 1038 Alumen

108 1070 234 1109 teres
277 1063 326 1108 in
370 1063 616 1124 mortario,
662 1069 818 1109 cetera
861 1064 959 1123 igni
1002 1062 1207 1109 resolves
1252 1067 1299 1108 et
1343 1061 1602 1108 confundes
1650 1075 1703 1108 ac

110 1133 177 1178 sic
221 1131 312 1178 leni
357 1146 526 1192 vapore
571 1131 772 1178 deiicere
817 1132 888 1178 vel
933 1133 1131 1193 excoqui
1176 1133 1340 1194 facies,
1385 1138 1438 1177 ut
1483 1145 1538 1178 ex
1576 1132 1703 1176 omni

44 1215 87 1246 15
110 1202 400 1248 confectione
444 1202 581 1247 uncia
625 1201 945 1247 medicaminis
990 1208 1157 1263 restet3
1202 1208 1303 1247 tum
1348 1207 1488 1261 caput
1525 1200 1704 1246 lautum

110 1271 356 1331 diligenter
397 1277 534 1331 atque
577 1272 803 1317 siccatum
846 1271 934 1317 hoc
978 1271 1284 1317 medicamine
1322 1284 1557 1331 perunges
1597 1284 1703 1330 por-

109 1342 400 1401 riginemque
439 1340 676 1386 discuties.
745 1339 944 1386 Scobem
982 1342 1174 1387 citream
1212 1355 1268 1386 ex
1305 1354 1422 1401 aqua
1461 1340 1702 1386 defervere
1735 1349 1787 1388 25

110 1410 250 1456 facies
288 1411 557 1470 nitrumque
595 1424 813 1470 asperges
850 1416 990 1471 atque
1027 1410 1135 1456 inde
1181 1416 1321 1471 caput
1356 1411 1704 1470 porriginosum

110 1485 293 1540 oportet
329 1479 494 1525 lavare.
560 1478 691 1525 Fimo
723 1478 897 1526 bubulo
934 1487 1040 1526 usto
1079 1494 1245 1526 sucum
1283 1479 1417 1525 hetae
1455 1479 1705 1525 admisceri
1734 1490 1787 1528 26

41 1562 88 1593 20
111 1556 248 1609 atque
286 1548 394 1594 inde
425 1554 564 1610 caput
593 1550 940 1609 porriginosum
969 1548 1113 1595 lavari
1143 1555 1340 1610 oportet.
1409 1546 1704 1608 Porriginem
1734 1559 1787 1597 27

108 1619 430 1679 potentissime
467 1618 552 1664 hac
590 1619 778 1679 potione
823 1618 1067 1679 purgabis:
1111 1620 1426 1664 rosmarinum
1463 1624 1588 1664 teres
1626 1632 1702 1664 su·

109 1702 309 1748 cumque
355 1689 456 1734 eius
501 1689 606 1734 vino
652 1688 725 1734 vel
768 1703 887 1749 aqua
933 1687 1151 1749 scripulis
1197 1687 1347 1734 tribus
1386 1687 1518 1734 dabis
1555 1689 1702 1749 potui,

109 1757 190 1803 sed
235 1758 317 1818 qui
361 1759 502 1803 sumit
554 1771 695 1817 supra
742 1757 883 1804 limen
927 1758 1120 1804 adsistat
1164 1757 1304 1818 idque
1351 1757 1507 1804 triduo
1553 1757 1703 1803 faciat.

108 1826 336 1872 Fraxineo
368 1828 526 1872 cinere
557 1826 758 1872 lixiviam
789 1833 1016 1874 maturam
1048 1829 1188 1873 nimis
1219 1828 1359 1873 facies
1392 1841 1538 1887 eaque
1563 1832 1704 1887 caput
1733 1837 1786 1874 28

40 1909 87 1941 25
112 1895 282 1942 lavabis
325 1897 372 1942 in
419 1895 604 1958 balneo3
649 1896 772 1957 quod
818 1911 925 1943 cum
974 1899 1242 1958 siccaveris,
1289 1910 1511 1956 saponem
1549 1902 1596 1942 et
1633 1910 1702 1942 ar-

108 1967 235 2026 genti
265 1979 475 2026 spumam
508 1971 725 2012 conteres
755 1980 903 2027 eoque
932 1973 1073 2027 caput
1096 1966 1372 2027 perfricabis
1395 1967 1703 2027 porriginem-

108 2050 198 2096 que
236 2034 582 2097 exterminabis,
627 2036 667 2081 si
704 2037 846 2096 capiti
883 2035 1008 2082 lauto
1047 2042 1185 2096 atque
1223 2037 1396 2082 siccato
1433 2035 1522 2082 hoc
1560 2035 1703 2081 medi-

108 2119 269 2151 camen
314 2105 569 2151 addideris:
614 2104 778 2151 Cretae
817 2104 1035 2151 Cimoliae
1073 2104 1122 2152 P.
1157 2104 1198 2167 I,
1244 2107 1358 2151 nitri
1403 2104 1704 2151 Alexandrini

107 2174 155 2221 P.
186 2174 219 2236 I,
258 2174 496 2235 sulphuris
533 2176 625 2220 vivi
654 2174 701 2220 P.
734 2174 772 2236 13
811 2174 924 2221 haec
963 2176 1115 2221 omnia
1150 2175 1414 2221 tunduntur
1445 2181 1583 2235 atque
1615 2175 1702 2220 cri-

42 2258 85 2289 80
108 2244 305 2290 brantur
341 2250 388 2290 et
425 2245 567 2305 capiti
601 2245 896 2304 porriginoso
933 2246 1236 2306 inponuntur.
1295 2243 1402 2290 Mali
1431 2243 1598 2290 Punici
1627 2257 1702 2289 co·
1734 2253 1787 2291 29

107 2315 229 2360 rium
274 2328 330 2360 ex
374 2319 504 2360 aceto
550 2315 769 2374 coquitur
815 2321 862 2360 et
906 2328 1048 2360 sucus
1090 2316 1191 2360 eius
1230 2315 1371 2375 capiti
1407 2314 1702 2374 porriginoso

107 2385 348 2444 inponitur
386 2390 432 2429 et
469 2383 742 2444 frequenter
780 2383 1008 2444 abluitur,
1048 2385 1111 2430 ita
1149 2389 1202 2430 ut
1239 2390 1285 2430 et
1322 2385 1475 2444 ipsum
1513 2396 1700 2443 pomum

108 2459 352 2499 excoctum
390 2459 567 2499 teratur
607 2460 654 2499 et
691 2455 758 2499 sic
797 2455 1098 2513 exprimatur.
1153 2452 1320 2499 Anethi
1352 2452 1528 2498 surculi
1559 2466 1701 2499 urun-
1733 2462 1787 2499 30

108 2528 186 2568 tur
225 2524 418 2583 eiusque
449 2522 654 2582 pulveris
693 2522 885 2569 cribrati
922 2549 979 2556 -
1006 2522 1038 2584 I,
1077 2522 1321 2569 cicharbae
1357 2521 1504 2567 —111
1542 2523 1701 2568 remit-

44 2604 86 2636 85
108 2598 178 2638 tes
215 2593 264 2638 in
302 2592 392 2638 olei
422 2589 513 2638 &1
551 2598 598 2638 et
627 2592 799 2638 adicies
830 2592 973 2652 gallae
1004 2599 1169 2639 tunsae
1202 2594 1484 2639 semunciam
1515 2591 1703 2638 inlines-

222 2743 246 2779 6
277 2737 436 2781 delinit
464 2740 641 2793 scripsi:
679 2739 909 2781 deliniunt.
