1898 3016
745 95 1087 145 -25-

122 227 169 273 in
215 239 268 272 eo
314 225 421 271 vitia
461 226 662 287 diversa,
707 231 786 271 aut
823 238 881 271 ne
919 225 1090 270 iterum
1127 237 1212 285 per
1249 222 1449 285 aliquam
1489 236 1709 269 venarum

122 300 335 355 erumpat
372 294 428 341 ad
461 308 598 342 aures
630 294 858 355 faciatque
887 293 1123 339 hominem
1155 292 1364 355 surdum,
1401 298 1551 339 totum
1582 294 1709 354 oppi-

121 364 221 411 lans
258 363 482 425 auditum,
519 370 598 410 aut
635 378 816 410 vermes
852 364 899 410 in
938 361 1130 409 auribus
1167 368 1373 424 generet,
1411 362 1481 408 vel
1518 361 1710 408 naribus

122 433 315 496 polypos
353 435 541 496 nutriat,
580 439 660 480 aut
706 432 853 480 oculis
891 432 1114 494 aegilopia
1152 433 1337 494 excitet,
1375 439 1455 478 aut
1491 430 1710 478 dentibus

80 516 99 548 5
124 505 184 550 sit
219 501 443 550 molestus
481 509 527 549 et
564 503 702 549 faciat
730 503 965 549 hominem
1005 503 1100 548 oris
1138 501 1271 548 fetidi
1309 507 1447 562 atque
1486 502 1710 563 corrupti,

121 573 207 631 vel,
245 572 367 634 quod
407 573 603 619 maxime
642 572 897 618 cavendum
937 578 1021 633 est,
1059 585 1117 618 ne
1155 585 1239 632 per
1277 585 1391 617 uvae
1434 569 1710 616 destillantis

121 649 201 689 aut
239 641 529 688 exulceratae
567 643 731 688 vitium
768 643 867 702 ipsa
906 643 1082 688 musica
1120 640 1322 687 hominis
1360 645 1581 702 corrupta
1614 639 1709 685 lan-

121 718 311 773 guescat
354 710 655 772 pulmonique
701 717 747 758 et
791 710 1029 757 stomacho
1074 710 1255 771 plagam
1292 710 1482 773 inferat,
1527 708 1709 756 lumbos

88 790 308 843 ‘quoque
357 795 587 842 renesque
634 779 856 827 dissolvat
908 786 955 826 et
999 781 1192 841 incipiat
1235 793 1372 826 umor
1415 780 1582 825 noxius
1626 792 1711 839 per

59 863 98 895 10
120 852 310 911 inguina
355 856 402 896 et
446 864 584 897 coxas
622 856 670 896 et
707 842 843 896 crura
882 850 1139 896 decurrens
1177 849 1329 895 facere
1368 850 1711 894 contractiones

120 919 320 967 talorum
364 925 503 981 atque
547 933 799 966 nervorum
841 918 1157 980 paulatimque
1202 918 1381 965 auferat
1417 931 1607 978 gressus
1644 924 1710 964 to-

119 996 261 1051 toque
314 1003 486 1050 organo
538 988 806 1036 tabescente
865 989 1115 1035 vlueamini
1162 989 1319 1049 potius
1363 988 1710 1047 consumpsisse

119 1059 354 1106 hominem
392 1073 530 1120 quam
568 1072 772 1122 curasse,
809 1073 916 1105 cum
949 1072 1058 1104 vere
1089 1057 1288 1104 violenta
1319 1062 1468 1103 morte
1499 1057 1711 1103 videatur

122 1129 178 1176 de
222 1128 308 1175 hac
352 1128 455 1175 luce
500 1130 714 1189 migrare.
787 1127 903 1174 Nam
949 1129 989 1174 si
1026 1141 1246 1188 ceparum
1285 1126 1496 1173 acritudo
1534 1125 1707 1187 aliquo-

58 1211 99 1242 15
121 1200 244 1245 tiens
275 1197 408 1244 nobis
440 1212 534 1244 non
558 1197 945 1244 manducantibus
971 1198 1146 1243 nostris
1170 1202 1323 1243 tamen
1347 1195 1495 1243 oculis
1518 1195 1711 1242 molesta

122 1274 214 1331 est,
258 1274 337 1314 aut
381 1269 562 1330 senapi,
605 1266 686 1313 ubi
731 1273 777 1313 et
820 1266 911 1312 mel
955 1268 1176 1329 mittitur,
1220 1265 1357 1312 leniri
1393 1267 1581 1326 penitus
1618 1279 1712 1311 non

119 1343 295 1400 potest,
340 1337 421 1383 sed
464 1336 616 1383 calore
655 1338 756 1383 eius
794 1342 1075 1383 commotum
1115 1335 1363 1382 cerebrum
1399 1337 1464 1381 ita
1501 1334 1710 1396 desudat,

119 1413 173 1453 ut
210 1406 369 1454 oculos
408 1412 455 1452 et
491 1420 627 1453 nares
665 1420 772 1452 acer
809 1420 944 1452 umor
985 1405 1193 1466 infestet,
1239 1404 1350 1466 quid
1389 1410 1606 1465 putamus
1643 1403 1712 1450 illi

119 1478 375 1538 patiuntur,
414 1475 584 1537 quibus
622 1477 747 1522 circa
783 1474 944 1522 oculos
983 1489 1094 1521 cura
1131 1488 1298 1520 rursus
1336 1479 1415 1520 aut
1451 1475 1549 1534 igni
1585 1473 1710 1519 adhi-

57 1558 98 1589 20
120 1545 258 1593 betur
295 1551 375 1591 aut
411 1542 574 1592 ferro?
642 1544 817 1606 Quare,
854 1546 1128 1606 imperator,
1165 1543 1304 1590 fidem
1341 1545 1516 1590 nostris
1554 1548 1709 1589 aucto-

120 1615 251 1662 ribus
296 1614 570 1661 adhibentes
619 1629 714 1661 non
758 1614 1005 1660 credamus
1052 1613 1427 1674 quibuscumque
1465 1612 1710 1658 medicinis

119 1699 205 1732 nee
236 1684 419 1731 vulneri
447 1683 616 1731 vulnus
647 1683 1059 1745 superponendum
1089 1690 1322 1746 putemus,
1354 1682 1435 1729 sed
1465 1683 1528 1728 ita
1559 1683 1710 1742 aegris

119 1754 378 1801 remedium
415 1754 751 1815 porrigendum
788 1767 890 1800 esse
929 1753 1188 1815 credamus,
1225 1759 1278 1799 ut
1310 1766 1461 1813 neque
1492 1751 1710 1812 gravibus

120 1825 365 1870 tormentis
409 1837 563 1884 neque
607 1822 890 1869 intolerabili
926 1822 1183 1869 medicinae
1222 1823 1464 1868 curatione
1499 1822 1710 1867 crucien-

58 1904 98 1936 25
120 1899 210 1940 tur.
285 1892 425 1939 Plura
470 1906 580 1953 ergo
625 1893 682 1938 de
728 1891 1050 1938 observatione
1095 1891 1352 1938 medicinae
1397 1892 1560 1952 pietati
1604 1896 1710 1937 tuae

119 1977 171 2010 ac
205 1964 404 2023 posteris
442 1963 535 2008 tuis
567 1962 703 2023 digna
733 1964 958 2008 memoria
988 1961 1171 2023 tradidi,
1202 1975 1319 2022 quae
1350 1960 1562 2006 homines
1586 1960 1711 2006 docti

120 2032 176 2078 de
208 2033 413 2093 expertis
443 2031 663 2078 remediis
693 2031 1014 2093 prodiderunt,
1046 2045 1163 2091 quae
1193 2037 1270 2077 tua
1303 2030 1456 2076 divina
1485 2031 1711 2076 serenitas

120 2116 203 2148 oro
242 2102 467 2162 suscipiat
504 2107 551 2148 et
588 2101 644 2147 ad
682 2101 952 2147 memoriam
991 2101 1161 2147 ceteris
1198 2099 1444 2161 relinquat.

233 2241 257 2278 6
288 2234 555 2278 destillantis
587 2238 665 2276 Im
694 2234 952 2277 distillantis
981 2237 1070 2276 2m.
1205 2238 1227 2275 7
1258 2233 1401 2287 ipsam
1431 2232 1638 2275 nissicam
1667 2233 1711 2274 h.

117 2293 384 2389 ἓὲξτιέᾕῒαω.
510 2296 560 2333 16
590 2289 800 2345 mittitur]
831 2289 1041 2332 miscetur
1072 2289 1320 2332 Carnarius.
1447 2293 1496 2330 19
1528 2287 1711 2330 adhibe-

1743 1136 1795 1174 10
