1930 3008
751 72 992 124 —287
1071 100 1129 107 —

152 203 287 250 cinus
331 201 520 262 sanguis
564 207 788 262 exceptus
832 206 878 247 et
922 199 1189 261 coagulatus
1235 213 1287 246 ac
1333 213 1476 261 super
1516 197 1742 245 carbones

150 276 332 319 assatus
368 272 417 317 in
455 269 559 317 cibo
597 270 733 317 datus
763 268 1039 317 mirabiliter
1068 268 1349 330 profluvium
1378 269 1557 315 ventris
1588 282 1742 314 emen·

150 340 242 388 dat.
291 339 478 387 Cervini
508 354 680 386 cornus
711 339 767 386 de
797 341 912 400 ipsis
941 338 1191 400 radicibus,
1223 353 1340 399 quae
1371 339 1511 399 capiti
1533 337 1742 399 haerent,
1771 346 1824 384 99

150 409 304 457 scobis
348 409 456 456 lima
499 410 803 456 tenuissimus
849 409 999 455 sactus
1043 414 1090 455 et
1127 408 1183 454 ad
1221 408 1437 469 dragmae
1476 420 1743 453 mensuram

109 497 128 528 5
152 494 257 527 cum
302 480 397 525 vini
440 480 617 526 austeri
660 478 824 540 cyatho
863 478 998 525 datus
1036 479 1170 525 sistet
1207 479 1376 524 nimios
1415 478 1593 523 ventris
1630 475 1744 522 ssuo-

149 563 240 611 res,
279 550 320 595 si
356 547 428 594 vel
472 548 628 594 triduo
665 549 839 609 iugiter
874 547 1075 594 bibatur.
1141 546 1278 593 Panis
1316 548 1499 593 anticus
1530 560 1583 592 ex
1615 545 1734 592 lacte
1747 554 1826 592 100

149 632 356 680 capruno
401 617 622 664 decoctus
666 624 713 663 et
756 631 885 663 more
931 616 1202 663 sorbitionis
1239 618 1416 663 ventris
1454 615 1583 662 fluxu
1620 614 1742 661 labo-

149 689 272 734 ranti
308 687 380 733 bis
417 686 473 732 ad
505 686 628 732 diem
658 686 794 732 datus
825 687 918 732 cito
950 687 1199 733 succurrit.
1250 686 1395 748 Aqua,
1432 687 1482 731 in
1513 699 1603 746 qua
1635 698 1735 731 cor·
1749 692 1824 730 101

149 758 266 803 tices
310 755 442 802 fabae
485 755 541 802 ad
585 756 747 802 tertias
785 755 1005 802 decoctae
1043 755 1238 817 fuerint,
1277 757 1316 801 si
1352 754 1562 816 bibatur,
1599 753 1743 814 pluri-

87 842 128 873 10
150 839 279 872 mum
309 825 482 886 cyliaco
511 824 735 885 proderit.
783 824 911 871 Folia
940 825 1018 871 fici
1047 825 1248 871 arefacta
1279 823 1391 886 sole,
1429 823 1597 870 deinde
1628 830 1826 870 con-102

149 895 286 942 busta
330 901 377 941 et
419 895 466 942 in
505 895 712 940 cinerem
748 893 935 940 redacta
973 900 1111 955 atque
1150 908 1206 940 ex
1243 896 1350 940 vino
1388 900 1574 940 austero
1611 893 1744 953 potui

150 964 253 1012 data
290 965 466 1011 ventris
503 963 680 1010 fluxum
717 963 971 1010 efficaciter
1008 963 1185 1010 sedant.

289 1033 489 1080 Medulla
531 1034 720 1079 vaccina
765 1047 872 1079 cum
917 1033 1063 1079 farina
1108 1034 1240 1079 tenui
1285 1031 1476 1078 subacta
1522 1037 1568 1078 et
1607 1030 1825 1077 velut103

151 1109 372 1150 excoctus
395 1104 529 1163 panis
552 1101 726 1148 cibatui
748 1102 853 1148 data
875 1103 991 1148 mire
1016 1102 1349 1164 dysintericum
1375 1108 1519 1162 sanat,
1545 1101 1744 1146 maxime

88 1189 129 1220 15
153 1174 194 1219 si
230 1179 278 1219 et
314 1186 477 1219 caseus
514 1171 718 1218 bubulus
755 1185 921 1218 recens
959 1171 1280 1218 manducetur.
1338 1171 1535 1231 Adipem
1573 1177 1828 1231 capnt-104

150 1256 263 1289 num
301 1242 357 1288 de
395 1240 588 1287 renibus
626 1240 860 1288 sublatum
896 1242 1042 1287 misce
1081 1255 1187 1287 cum
1224 1239 1438 1301 polentae
1481 1238 1744 1286 furfuribus

150 1318 289 1372 atque
335 1310 465 1357 adice
509 1310 603 1357 illic
647 1311 883 1372 cyminum
928 1316 974 1356 et
1018 1310 1239 1356 anethum
1277 1316 1323 1356 et
1361 1315 1545 1356 acetum
1582 1309 1744 1369 aequis

150 1380 445 1442 portionibus
490 1386 628 1441 atque
674 1394 730 1426 ex
776 1394 893 1440 aqua
939 1379 1148 1440 decoque
1194 1385 1240 1425 et
1285 1378 1485 1425 colatum
1531 1377 1744 1424 sorbitio·

151 1452 225 1496 nis
271 1464 401 1496 more
446 1449 729 1511 dysinterico
774 1449 880 1495 dato
926 1449 1228 1510 sumendum,
1271 1450 1388 1494 mire
1434 1447 1744 1508 celeriterque

88 1535 131 1566 20
154 1519 415 1566 subvenies.

290 1588 382 1635 Lac
427 1587 634 1650 ovillum,
680 1588 802 1649 quod
849 1587 1156 1634 candentibus
1201 1586 1382 1647 glareae
1419 1585 1651 1648 lapidibus
1689 1587 1828 1632 in105
1909 1587 1912 1590 ’

150 1660 305 1720 ipsum
357 1657 427 1703 lac
473 1657 701 1703 demersis
754 1663 1065 1718 excoquatur,
1118 1657 1401 1718 dysinterieo
1454 1657 1585 1716 potui
1637 1669 1744 1702 cum

151 1729 266 1788 ipsis
310 1726 542 1788 lapidibus
586 1727 743 1773 datum
792 1728 910 1772 mire
946 1726 1159 1788 prodest,
1203 1728 1266 1772 ita
1303 1732 1479 1788 tamen,
1524 1731 1576 1771 ut
1612 1726 1743 1786 prius

153 1797 210 1843 de
247 1798 349 1856 ipso
387 1796 505 1842 lacte
544 1810 701 1842 serum
739 1810 874 1842 omne
912 1795 1113 1842 tollatur.

90 1881 131 1912 25
295 1865 431 1911 Iecur
474 1865 709 1912 hircinum
752 1867 948 1911 missum
993 1867 1040 1911 in
1090 1864 1226 1910 ollam
1277 1878 1441 1910 novam
1487 1877 1593 1910 cum
1641 1864 1826 1910 vini106

153 1936 330 1982 austeri
366 1934 528 1995 cotylis
566 1949 647 1981 sex
684 1934 739 1980 ad
777 1936 940 1981 tertias
978 1934 1236 1996 decoctum,
1275 1934 1356 1980 sed
1387 1933 1497 1980 dum
1528 1934 1744 1993 excoqui-

152 2011 231 2051 tur
274 2010 611 2065 conpunctum,
655 2011 709 2050 ut
751 2018 887 2050 umor
934 2005 1035 2050 eius
1080 2018 1186 2049 cum
1234 2004 1340 2049 vino
1388 2003 1743 2064 permisceatur,

152 2079 313 2134 postea
351 2073 632 2134 dysinterico
670 2074 803 2134 potui
840 2073 998 2119 datum
1036 2073 1289 2119 efficaciter
1325 2072 1530 2133 prodest.

291 2142 583 2203 Dysinterico
630 2148 676 2188 et
713 2144 967 2188 torminoso
1006 2150 1052 2188 et
1097 2143 1160 2204 ei,
1205 2143 1286 2202 qui
1334 2144 1424 2188 iam
1462 2147 1827 2201 corruptum107

89 2226 132 2257 30
154 2213 427 2272 sanguinem
472 2214 641 2274 egerit,
686 2211 1044 2258 saluberrimum
1088 2212 1480 2257 medicamentum
1525 2216 1596 2256 est
1633 2210 1745 2256 tale:

152 2280 252 2327 Alei
290 2283 443 2342 spicae
479 2281 565 2327 IIII
602 2288 648 2328 et
685 2296 768 2328 ova
806 2281 898 2327 duo
934 2282 1115 2327 incocta
1144 2282 1192 2326 in
1223 2295 1368 2327 unum
1401 2286 1618 2326 teruntur
1650 2279 1744 2326 his-

155 2364 244 2410 que
282 2350 468 2397 additur
505 2353 601 2396 vini
637 2352 808 2397 veteris
846 2352 1075 2396 sextarius
1122 2356 1167 2396 et
1212 2351 1430 2411 coquitur
1468 2349 1524 2395 ad
1562 2350 1745 2410 tertias;

154 2418 263 2464 inde
308 2421 515 2482 ieiunus,
563 2434 699 2481 quam
743 2420 996 2480 plurimum
1041 2425 1216 2481 potest,
1269 2421 1307 2465 si
1351 2418 1544 2481 biberit,
1593 2418 1743 2464 effica-

155 2488 340 2534 cissime
391 2491 512 2535 intra
563 2489 773 2536 triduum
832 2497 1033 2536 sanatur.
1117 2488 1388 2550 Spondogos
1440 2494 1511 2534 est
1568 2487 1736 2548 lanugo
1750 2497 1829 2536 108

299 2598 319 2633 1
353 2595 615 2636 coacolatus.
738 2600 764 2636 4
796 2595 950 2649 scopis.
1076 2598 1127 2636 14
1158 2593 1436 2647 dysinterieo.
1568 2597 1620 2636 16
1645 2596 1746 2647 post

155 2647 393 2690 furfuribus
423 2651 521 2692 add.
551 2651 681 2692 facta..
830 2655 880 2692 18
912 2650 1235 2693 sorbitionibus
1379 2654 1430 2691 21
1461 2654 1557 2703 post
1585 2649 1745 2703 lapidi-

155 2705 236 2746 bus
269 2705 367 2746 add.
398 2704 446 2745 id
477 2705 555 2747 est.
669 2710 722 2747 26
754 2706 890 2749 cotili.
1006 2711 1058 2748 27
1091 2707 1134 2749 et
1164 2705 1331 2749 humor.
