1898 3016
732 113 1108 165 —255—

259 245 430 293 Multos
469 259 575 292 cum
613 243 916 291 admiratione
957 241 1150 288 effectus
1181 240 1440 287 audivimus
1473 247 1715 287 narrantes

121 316 311 364 Casilini
341 316 469 362 nasci
492 316 539 361 in
571 314 832 375 lapidicinis
859 310 1078 358 bestiolas
1103 309 1410 357 adhaerentes
1434 311 1557 356 saxis
1582 312 1715 371 quasi

121 385 405 447 verruculas,
435 384 519 431 has
549 384 678 430 datas
710 384 844 429 tritas
877 396 931 428 ex
964 394 1109 442 aquae
1143 379 1321 441 cyathis
1352 378 1504 426 tribus
1535 379 1712 426 findere

121 463 167 503 et
203 470 288 517 per
325 456 509 501 urinam
547 452 791 500 extrahere
829 451 1006 512 lapides
1044 450 1100 497 de
1138 451 1328 496 vessica.

77 541 97 572 5
260 525 329 572 Ad
361 523 619 571 calculosos
650 522 907 569 remedium
941 520 1052 567 utile
1084 522 1172 566 sic:
1211 518 1484 566 Cucumeris
1509 520 1714 581 seminis,

120 596 269 657 dauci,
307 595 449 655 anesi,
488 594 593 654 apii,
630 591 907 653 petrosilini,
945 604 1141 651 myrrae,
1174 588 1462 650 singulorum
1495 588 1713 635 denarios

1746 249 1770 288 9

1747 527 1798 566 10

122 672 302 727 ternos,
340 665 489 710 casiae
528 661 831 723 daphnitidis,
869 661 1085 722 cinnami,
1122 658 1270 722 nardi,
1308 657 1599 718 singulorum
1637 659 1715 705 de·
1773 697 1778 703 ,

120 736 275 781 narios
314 732 534 794 singulos.
598 730 725 777 Trita
763 730 876 776 haec
915 731 1068 775 omnia
1106 743 1225 789 aqua
1263 727 1560 790 colliguntur,
1598 728 1716 775 fiunt

119 803 291 866 pastilli
328 802 477 863 lupini
513 799 846 861 magnitudine,
885 799 1055 845 dantur
1086 799 1242 844 ieiuno
1274 812 1329 844 ex
1361 812 1506 858 aquae
1538 798 1715 859 cyathis

59 889 99 920 10
122 875 269 920 ternis
307 886 391 933 per
428 871 527 918 dies
558 869 651 918 XL.
706 869 804 916 Hoc
835 869 1225 915 medicamentum
1257 867 1473 913 tunditur
1506 867 1574 914 vel
1607 882 1714 914 con-

121 944 312 1004 ponitur
355 943 404 987 in
442 941 532 1003 pila
570 940 720 1001 lignea
759 945 806 985 61
843 938 935 1000 pilo
973 938 1148 1000 ligne03
1194 939 1274 998 qui
1319 937 1565 983 contundit
1603 951 1714 983 anu-

120 1012 217 1059 lum
248 1013 452 1058 ferreum
483 1025 576 1057 non
606 1009 796 1071 habeat3
826 1008 945 1054 hanc
976 1009 1099 1054 enim
1133 1007 1514 1067 superstitionem
1545 1006 1718 1053 adiecit

122 1081 396 1128 Ambrosius
441 1080 651 1126 medicus
687 1078 993 1139 Puteolanus,
1040 1078 1120 1138 qui
1160 1076 1420 1122 adfirmavit
1455 1075 1628 1123 multos
1667 1091 1716 1123 se

122 1152 211 1198 hoc
244 1151 580 1197 medicamento
614 1162 814 1194 sanasse.
859 1146 1114 1193 Detrahere
1146 1153 1299 1192 autem
1325 1145 1440 1191 dixit
1462 1153 1570 1206 post
1594 1146 1716 1192 diem

60 1236 101 1267 15
126 1222 374 1282 septimum
414 1221 638 1280 frag-mina
678 1217 901 1279 quaedam
940 1216 1144 1277 lapidum
1184 1216 1315 1275 quasi
1352 1214 1587 1261 harenam.

263 1290 330 1336 Ad
356 1289 625 1350 calculosos,
656 1287 872 1343 lienosos,
901 1286 1180 1347 hydropicos
1204 1284 1596 1331 medicamentum
1621 1285 1717 1330 effi-

123 1374 219 1422 cax,
250 1359 374 1420 quod
407 1365 453 1405 et
483 1360 664 1405 urinam
697 1357 900 1403 detrahit
929 1362 976 1402 et
1004 1355 1182 1415 lapides
1209 1356 1257 1400 in
1281 1355 1458 1400 vessica
1482 1361 1715 1417 extenuat,

124 1430 370 1476 conficitur
408 1430 494 1475 sic:
533 1427 725 1489 Eryngi,
763 1425 994 1487 pyrethri,
1031 1424 1279 1485 saliuncae,
1317 1424 1588 1486 saxifragae,
1626 1426 1717 1470 sin-

124 1498 339 1560 gulorum
378 1498 595 1544 denarios
633 1497 798 1556 denos,
835 1495 968 1557 polii,
1006 1494 1122 1556 folii,
1161 1493 1476 1555 aristolociae,
1515 1493 1718 1554 singulo-

61 1583 101 1614 20
125 1583 228 1615 rum
275 1568 314 1614 X
359 1569 549 1629 quinos,
598 1566 938 1627 oxymyrsines,
987 1578 1104 1624 quae
1151 1577 1288 1624 scopa
1337 1564 1464 1623 regia
1512 1569 1717 1625 vocatur,

125 1639 225 1684 suci
262 1637 507 1684 heminam.
561 1635 684 1682 Haec
716 1636 867 1680 omnia
900 1639 1093 1680 contusa
1126 1641 1171 1679 et
1202 1631 1403 1679 cribrata
1435 1632 1718 1693 colliguntur

124 1723 179 1754 ex
218 1722 349 1769 aqua,
387 1707 504 1753 fiunt
542 1705 713 1766 pastilli
751 1703 1040 1764 singulorum
1079 1703 1392 1763 denariorum,
1431 1702 1601 1749 dantur
1637 1702 1716 1748 lie-

124 1779 252 1824 nosis
290 1791 347 1823 ex
385 1782 514 1822 aceto
554 1783 600 1821 et
634 1774 782 1821 mellis
815 1773 990 1834 cyathis
1021 1772 1188 1834 tribus,
1218 1771 1463 1819 calculosis
1495 1786 1550 1818 ex
1581 1786 1718 1833 passo

125 1849 281 1908 mixto,
322 1851 546 1906 quantum
585 1858 750 1890 manus
788 1844 924 1906 capit,
962 1849 1042 1889 aut
1078 1848 1198 1888 testa
1232 1841 1468 1888 auriculae
1498 1843 1717 1888 marinae.

61 1930 102 1961 25
126 1915 258 1970 Quod
297 1915 687 1961 medicamentum
726 1913 862 1960 (latur
898 1927 983 1973 per
1022 1912 1121 1958 dies
1151 1910 1281 1968 XLV,
1321 1913 1455 1957 cuius
1489 1910 1716 1957 beneficio

125 1987 172 2031 in
217 1985 436 2030 harenam
482 1983 726 2030 solvuntur
771 1982 947 2043 lapides
991 1983 1040 2027 in
1087 1982 1266 2027 vessica
1308 1981 1504 2043 reperti,
1549 1980 1717 2042 hydro-

124 2056 241 2116 picis
279 2060 432 2100 autem
472 2068 527 2100 ex
566 2051 705 2099 mulsi
743 2053 876 2098 mixti
912 2050 1090 2113 cyathis
1127 2050 1278 2097 tribus
1317 2050 1520 2096 dandum
1558 2056 1643 2096 est.

265 2123 435 2170 Contra
467 2122 694 2169 calculum
727 2127 773 2167 et
803 2121 913 2167 alias
942 2120 1241 2166 difficultates
1265 2121 1470 2166 vessicae
1495 2119 1717 2182 lapillum,

126 2196 206 2254 qui
242 2195 291 2239 in
329 2193 570 2254 gallinacei
607 2193 785 2237 vessica
823 2197 902 2236 aut
937 2192 985 2236 in
1016 2189 1222 2250 palumbi
1252 2189 1510 2236 ventriculo
1541 2191 1718 2235 inveni-

63 2280 103 2310 30
126 2271 225 2325 tur,
271 2265 451 2309 conteri
496 2269 543 2309 et
587 2263 770 2322 aspergi
811 2262 990 2321 potioni
1025 2259 1229 2320 prodest.
1295 2258 1411 2306 Item
1447 2259 1718 2305 membrana

126 2333 375 2379 ventriculi
405 2334 504 2378 eius
535 2333 657 2389 trita,
690 2331 826 2376 fimus
858 2344 1044 2390 quoque
1076 2328 1369 2375 columbinus
1394 2330 1441 2374 in
1466 2328 1569 2374 faba
1594 2343 1716 2374 sum-

128 2409 255 2464 ptus,
299 2404 411 2448 item
455 2401 637 2462 glebula
683 2400 738 2446 de
789 2399 896 2445 nido
946 2398 1251 2445 hirundinum
1305 2397 1450 2444 diluta
1495 2412 1550 2444 ex
1599 2412 1717 2458 aqua

129 2471 273 2517 calida
310 2478 415 2531 pota
454 2471 659 2532 prodest.

269 2595 293 2631 2
333 2590 532 2645 Casilini]
569 2595 808 2644 suspectum
847 2590 923 2631 hoe
965 2601 1137 2638 nomen,
1175 2588 1297 2630 cuius
1340 2589 1427 2630 loco
1465 2586 1720 2628 Scribonius

123 2650 318 2700 praestat
349 2645 443 2688 Caii
471 2645 566 2688 Iuli.
710 2651 733 2687 6
766 2644 1059 2698 denariorum,
1090 2646 1188 2685 item
1219 2648 1256 2685 7.
1392 2646 1442 2684 18
1473 2641 1717 2695 saxifrigae.

132 2707 183 2744 19
222 2702 508 2744 denariorum.
651 2706 704 2743 26
742 2703 917 2743 harena.
1068 2699 1302 2754 ydropicis.
1447 2702 1498 2741 27
1537 2698 1605 2739 est:
1640 2710 1717 2740 om.

130 2763 182 2799 32
212 2758 341 2800 idem.
456 2757 760 2800 harundinum.

1749 1295 1799 1332 11

1750 2128 1800 2165 12
