1930 3008
151 617 204 655 81

840 126 1220 177 —328.—

233 258 528 317 siccatosque
552 270 604 303 ac
627 261 794 303 tunsos
817 255 890 303 vel
919 255 1105 303 molitos
1136 269 1243 302 cum
1273 254 1378 302 felle
1408 257 1593 303 taurino
1617 255 1690 303 vel
1712 258 1830 304 vitu·

232 326 327 373 lino
351 325 571 373 miscebis
595 331 642 373 et
665 326 852 387 subiges
884 332 930 372 et
959 340 1044 387 pro
1075 325 1348 386 malagmate
1373 325 1430 372 ad
1452 327 1596 372 imum
1620 332 1830 374 ventrem

234 396 291 443 ab
322 395 543 443 umbilico
574 396 795 443 deorsum
824 410 990 443 versus
1019 397 1230 458 inpones.
1281 395 1396 442 Nam
1435 397 1475 441 si
1512 410 1653 457 super
1683 395 1831 443 umbi-

234 466 380 513 licum
417 467 696 528 inposueris,
735 472 920 513 stercus
957 480 1094 512 omne
1132 479 1320 512 sursum
1350 464 1546 527 vocabit,
1575 467 1832 527 inpositum

237 542 392 583 autem
418 535 638 583 deorsum
660 550 825 582 versus
849 542 895 582 et
917 534 1058 582 bilem
1082 535 1295 582 detrahet
1318 540 1365 582 et
1386 536 1600 596 pituitam
1622 534 1832 582 deducet.
1855 551 1877 584 5

380 605 509 653 Sales
540 605 786 653 cathartici
816 607 916 652 sine
948 604 1174 653 stomachi
1203 606 1388 668 iniuria,
1418 611 1471 652 ut
1500 619 1588 651 nec
1614 607 1836 653 intestina

238 675 439 738 doleant,
477 677 772 737 accipiuntur
810 690 894 722 seu
928 676 977 722 in
1007 675 1202 738 prandio
1234 690 1341 722 cum
1372 689 1477 722 esca
1508 689 1592 722 seu
1621 677 1671 721 in
1701 689 1836 737 cena3

237 747 279 792 si
323 751 481 792 autem
524 747 709 792 ieiunus
754 745 978 809 volueris,
1029 760 1134 792 cum
1183 745 1333 792 mulso
1379 746 1580 806 accipies
1626 745 1835 792 cocleare

236 815 444 877 plenum.
494 815 835 877 Conponuntur
866 817 955 863 sic:
987 815 1104 862 Salis
1135 816 1410 862 ammoniaci
1432 841 1499 848 —
1522 815 1556 877 I,
1585 814 1837 877 zingiberis

238 887 354 933 sicci
395 911 454 918 -—
489 885 529 946 I,
575 885 738 932 lasaris
782 886 953 932 radicis
995 912 1055 918 —
1089 885 1131 948 I,
1175 886 1436 932 scamoniae
1473 911 1542 918 —
1571 885 1612 947 I,
1658 886 1836 947 piperis
1860 901 1901 932 10

237 982 305 989 —
336 955 370 1018 Ι,
408 955 601 1002 feniculi
632 957 823 1002 seminis
858 981 916 989 —
952 955 992 1019 I3
1030 961 1156 1002 teres
1189 956 1342 1002 omnia
1372 961 1419 1001 et
1449 954 1688 1018 criblabis3
1726 969 1836 1001 sane

238 1040 346 1072 cum
396 1025 623 1087 volueris,
668 1031 721 1072 ut
764 1025 1086 1072 vehementius
1123 1031 1326 1088 moveat,
1363 1021 1588 1087 [cocliaria
1633 1025 1725 1071 duo
1764 1039 1836 1071 ac-

192 1109 195 1113 *
238 1097 379 1158 cipiat
417 1097 499 1157 qui
536 1095 625 1142 alvi
662 1095 936 1142 difficultate
974 1094 1287 1156 torquebitur.

879 1247 1003 1296 CAP.
1040 1247 1203 1294 XXXI.

237 1337 325 1381 Ad
376 1336 463 1379 am·
506 1336 636 1379 vitia.
688 1339 741 1379 et
792 1337 1001 1380 fistulas
1050 1336 1259 1390 podicis
1303 1338 1357 1379 et
1399 1304 1841 1380 haemorrhoidas

364 1407 603 1450 remedia
645 1406 869 1461 physica
916 1410 971 1450 et
1013 1406 1348 1449 rationabilia
1392 1406 1603 1449 diversa.
1646 1407 1713 1449 de

845 1477 1236 1530 experimentis.

383 1584 551 1646 Lipara
582 1583 638 1630 ad
668 1585 991 1645 intertrigines
1022 1590 1067 1630 et
1098 1585 1499 1645 exasperationem
1534 1589 1580 1630 et
1609 1589 1843 1630 tumorem

245 1656 323 1702 ani
366 1655 563 1700 mirifica
610 1655 701 1701 sic:
753 1653 954 1715 Spumae
993 1659 1238 1715 argenteae
1276 1653 1324 1701 P.
1356 1653 1417 1717 II,
1455 1668 1672 1700 cerussae
1710 1653 1759 1701 P.
1789 1652 1844 1716 II,
1868 1668 1908 1700 15

245 1726 369 1772 turis
406 1723 596 1786 pollinis
633 1723 682 1771 P.
713 1723 769 1787 II,
807 1723 1023 1770 aluminis
1060 1724 1160 1770 fissi
1189 1723 1238 1770 P.
1261 1723 1294 1786 1,
1333 1723 1482 1784 adipis
1520 1722 1681 1770 suillae
1712 1737 1844 1769 ener-

246 1800 379 1842 vatae
411 1799 599 1841 curatae
630 1793 679 1840 P.
710 1793 765 1857 II,
795 1795 890 1840 vini
921 1795 1095 1840 austeri
1124 1794 1298 1840 veteris
1328 1791 1376 1840 S
1401 1793 1419 1839 I
1445 1793 1490 1856 S,
1519 1807 1655 1839 rosae
1682 1790 1730 1839 3
1754 1792 1773 1838 1
1798 1792 1844 1855 S,

248 1865 339 1911 olei
384 1864 549 1911 viridis
586 1863 636 1911 P.
669 1863 713 1910 S.
781 1863 971 1910 Teritur
1018 1878 1180 1924 spuma
1227 1869 1275 1910 et
1311 1877 1522 1925 cerussa,
1567 1862 1750 1909 alumen
1789 1876 1844 1908 ex

246 1937 355 1981 vino
399 1934 614 1997 diluitur3
661 1933 828 1980 deinde
874 1934 1074 1980 adicitur
1118 1939 1195 1980 tus
1233 1934 1288 1979 ‘in
1327 1933 1568 1994 pulverem
1603 1933 1844 1979 redactum

247 2011 295 2052 et
325 2019 433 2052 cum
464 2005 669 2065 primum
698 2003 813 2050 haec
843 2003 960 2050 levia
990 2003 1109 2050 bene
1141 2003 1330 2062 suerint,
1361 2003 1514 2050 oleum
1546 2008 1592 2049 et
1614 2004 1772 2049 vinum
1798 2008 1844 2049 et
1867 2017 1910 2048 20

248 2075 434 2137 adipem
464 2074 761 2135 liquefactam
793 2088 899 2120 cum
931 2087 1036 2120 rosa
1068 2087 1208 2135 supra
1236 2074 1409 2135 scripta
1431 2074 1622 2119 misceri
1645 2077 1843 2133 oportet.

387 2143 556 2206 Lipara
586 2144 689 2191 rufa
720 2144 831 2190 facit
861 2144 918 2190 ad
948 2144 1141 2190 fissuras
1172 2144 1261 2206 ani,
1292 2157 1405 2204 quas
1428 2142 1654 2203 rhagadas
1678 2141 1843 2188 Graeci

245 2214 423 2276 dicunt,
463 2214 624 2260 eadem
663 2214 718 2260 ad
757 2228 920 2260 omnes
958 2213 1168 2260 eiusdem
1206 2215 1351 2273 partis
1389 2211 1758 2259 exulcerationes
1797 2217 1842 2257 et

242 2285 354 2331 vitia
401 2284 581 2331 diutina
626 2283 921 2347 benefacit,
967 2285 1135 2345 accipit
1172 2282 1307 2330 haec:
1357 2282 1556 2343 Spumae
1595 2287 1841 2342 argenteae

241 2353 282 2400 X
328 2353 451 2415 XVI,
502 2355 645 2400 misui
697 2355 793 2400 usti
838 2353 878 2399 X
915 2353 994 2415 VI,
1047 2354 1228 2399 resinae
1277 2351 1619 2399 terebinthinae
1664 2350 1704 2396 X
1742 2349 1840 2412 XII,
1864 2363 1905 2395 25

242 2438 378 2471 cerae
416 2423 455 2469 X
487 2423 566 2487 VI,
604 2438 821 2470 cerussae
861 2423 901 2469 X
937 2422 1058 2486 XVI,
1097 2422 1356 2470 chalcitidis
1393 2427 1526 2468 ustae
1564 2420 1604 2466 X
1634 2419 1712 2482 VI,
1752 2419 1843 2466 olei

242 2495 412 2556 myrtei
441 2493 490 2540 P.
522 2493 555 2541 Ι.
615 2493 780 2540 Omnia
818 2493 1067 2555 diligenter
1105 2498 1324 2539 teruntur
1361 2505 1468 2538 cum
1506 2490 1596 2536 olei
1632 2489 1839 2551 pondere

382 2619 409 2656 4
438 2614 630 2658 vocauit.
748 2618 772 2655 5
804 2613 994 2655 deducit.
1105 2618 1127 2655 7
1160 2624 1258 2653 cum
1290 2623 1391 2654 esca.
1421 2615 1498 2653 Im
1528 2611 1722 2653 comesta
1749 2612 1840 2653 2m.

242 2673 295 2711 10
325 2670 532 2711 radicem.
650 2671 887 2712 scamonia.
1005 2673 1055 2710 11
1088 2681 1249 2711 semen.

382 2727 448 2768 tit.
479 2727 823 2768 aemorhoditas.

356 2785 409 2823 14
438 2782 594 2835 lypara,
624 2787 663 2825 et
691 2783 753 2824 sic
781 2783 869 2835 fere
890 2793 1060 2835 semper.
1143 2783 1196 2822 25
1219 2778 1526 2821 terebintinae.
1600 2782 1652 2821 27
1676 2776 1838 2820 mirtei.
