1898 3016
762 111 1140 160 ——102—

149 243 202 285 ut
239 237 484 284 considant
520 239 703 300 sordes,
742 245 788 285 et
825 244 931 299 post
967 238 1081 285 haec
1119 239 1312 301 colahiS,
1350 246 1402 286 ut
1439 242 1500 286 sit
1537 239 1745 300 liquidis-

149 309 295 354 simus
334 322 496 370 sucus3
535 308 591 355 de
629 309 717 354 hoc
754 308 936 369 liquore
976 308 1091 355 duas
1128 315 1285 369 partes
1321 311 1475 356 mittes
1520 319 1566 355 et
1606 324 1744 356 unam

146 377 298 423 mellis
344 377 566 424 stillaticii
611 387 691 424 aut
735 386 862 424 certe
908 379 1050 424 Attici
1095 380 1256 439 optimi
1309 386 1356 425 et
1400 382 1467 425 sic
1511 380 1746 440 decoques

146 448 196 493 in
228 461 334 493 vase
365 447 539 508 duplici
570 448 624 494 ad
659 450 841 509 tertias3
879 454 979 494 tum
1011 448 1256 494 decoctum
1288 449 1515 495 recondes
1554 456 1601 495 et
1639 463 1746 495 cum

147 531 264 578 opus
312 517 474 579 fuerit,
520 517 721 564 calidum
766 532 851 578 per
897 517 1138 579 specillum
1184 518 1455 565 medicinale
1501 521 1549 564 in
1587 530 1789 565 aurem5

146 586 366 633 infundes
412 589 495 649 ita,
542 593 594 634 ut
638 588 935 648 postmodum
981 589 1127 648 ipsam
1176 589 1232 634 de
1276 588 1377 634 lana
1426 590 1601 634 marino
1640 603 1747 634 con-

64 665 117 704 ’14
147 655 300 717 chylio
352 656 523 703 infecta
576 656 775 703 claudas.
851 656 1040 703 Cunilae
1094 658 1255 704 viridis
1310 673 1452 704 sucus
1497 672 1748 719 expressus

65 735 116 773 75
148 732 288 786 atque
333 726 568 773 auriculae
615 727 799 773 infusus
845 729 981 773 unice
1028 727 1233 774 dolorem
1273 728 1405 774 tollit.
1478 727 1747 773 Vettonicae

145 795 320 842 herbae
372 797 534 843 viridis
587 805 633 843 et
677 799 882 843 recentis
927 797 1035 843 folia
1079 797 1151 843 vel
1195 812 1279 857 per
1325 812 1374 843 se
1421 797 1491 844 vel
1537 799 1585 843 in
1630 812 1748 858 aqua

144 866 402 912 madefacta
440 869 579 912 terito
619 881 879 927 sucumque
918 882 1079 913 eorum
1112 869 1328 929 excipito,
1367 868 1534 913 deinde
1566 868 1746 914 adiecto
1772 880 1812 911 10

145 949 279 981 rosae
336 950 448 982 suco
502 944 580 983 aut
626 951 817 983 rosaceo
863 935 964 982 oleo
1010 937 1166 997 tepido
1219 939 1266 983 in
1323 952 1481 983 aurem
1527 937 1748 983 instillato

65 1016 117 1054 76
149 1005 344 1067 lanaque
384 1005 601 1069 claudito,
637 1008 808 1052 mirum
845 1012 928 1052 est.
990 1006 1040 1052 Si
1071 1006 1277 1053 auricula
1307 1009 1506 1054 interius
1537 1007 1748 1053 ulcerosa

148 1076 258 1137 erit,
304 1077 434 1136 porri
471 1078 633 1122 sectivi
673 1091 836 1122 sucum
869 1074 917 1122 8
950 1076 968 1122 1
1007 1091 1113 1122 cum
1153 1076 1301 1122 mellis
1338 1077 1524 1123 hemina
1562 1078 1615 1123 ad
1655 1083 1747 1123 ter-

147 1146 236 1191 tias
282 1145 530 1205 decoquito
574 1152 618 1191 et
663 1160 748 1207 per
792 1146 941 1192 lanam
981 1147 1190 1206 tepidum
1229 1148 1278 1192 in
1316 1161 1475 1192 aurem
1513 1146 1748 1192 instillato.

63 1225 113 1263 77
149 1213 382 1261 Cannabis
427 1215 645 1261 foliorum
691 1230 833 1261 sucus
878 1215 1113 1262 auriculae
1158 1216 1410 1262 instillatus
1455 1231 1636 1262 vermes
1681 1218 1748 1262 in-
1773 1228 1812 1260 15

146 1291 280 1330 natos
310 1285 495 1331 necabit
526 1292 572 1331 et
603 1287 643 1331 si
673 1285 796 1345 quod
829 1285 951 1331 aliud
984 1285 1152 1331 animal
1183 1287 1448 1347 inrepserit,
1485 1287 1747 1333 interficiet.

63 1365 114 1402 78
147 1354 367 1400 Eiusdem
414 1357 607 1401 seminis
649 1355 810 1401 viridis
849 1370 991 1401 sucus
1028 1355 1280 1402 instillatus
1317 1355 1525 1402 dolorem
1563 1370 1748 1402 omnem

64 1434 114 1472 79
147 1423 381 1471 auriculae
427 1431 646 1485 potenter
691 1427 869 1471 avertit.
945 1425 1093 1486 Cepae
1139 1440 1281 1472 sucus
1328 1440 1433 1472 cum
1474 1426 1607 1471 melle
1645 1441 1748 1486 per-

144 1496 319 1541 mixtus
357 1501 403 1540 et
440 1495 675 1541 auriculae
714 1495 965 1540 instillatus
1004 1497 1206 1555 graviter
1244 1495 1488 1542 audientes
1519 1496 1747 1557 emendat,

146 1563 355 1610 dolorem
394 1565 537 1627 sedat,
580 1565 828 1625 purulenta
869 1572 1109 1626 expurgat,
1148 1580 1330 1611 vermes
1368 1572 1544 1627 enecat,
1582 1580 1747 1626 aquam
1771 1579 1812 1608 20

146 1635 308 1697 etiam,
361 1649 479 1695 quae
528 1638 736 1694 ingressa
773 1635 944 1696 fuerit,
991 1642 1037 1681 et
1082 1649 1265 1680 omnem
1314 1649 1524 1681 umorem
1577 1636 1747 1681 educit.
1785 1670 1788 1673 -

61 1713 115 1751 80
148 1703 392 1765 Cyminum
439 1704 652 1751 silvestre
695 1707 949 1751 contritum
989 1712 1035 1750 et
1073 1720 1185 1750 suco
1224 1711 1357 1751 rutae
1395 1707 1641 1751 inmixtum
1680 1707 1746 1750 in-

146 1773 464 1835 stillatumque
502 1774 738 1821 auriculae
777 1775 984 1820 dolorem
1023 1774 1157 1836 lenit,
1207 1781 1368 1820 ventos
1408 1789 1594 1836 quoque
1631 1777 1747 1820 inte-

145 1846 246 1890 rius
284 1852 504 1890 sonantes
542 1851 752 1892 removet
789 1851 928 1905 atque
967 1859 1103 1890 omne
1143 1846 1303 1890 vitium
1343 1852 1560 1905 potenter
1595 1859 1748 1890 emen-

60 1922 113 1961 81
146 1913 235 1961 dat.
295 1914 512 1976 Herbam,
537 1929 675 1975 quam
700 1914 866 1961 Graeci
888 1914 1164 1976 polygonon,
1189 1929 1274 1960 nos
1297 1914 1474 1975 aliquot
1497 1914 1748 1976 vocabulis,
1770 1926 1811 1957 25

147 1984 228 2030 sed
266 1987 517 2044 praecipue
557 1984 874 2045 sanguinalem
914 1984 1127 2045 dicimus,
1166 1986 1280 2030 mira
1320 1985 1524 2030 efficacia
1564 1984 1748 2030 dolores

146 2054 330 2100 aurium
378 2054 614 2101 discutere
661 2056 799 2100 etiam
847 2069 932 2100 nos
970 2057 1150 2115 experti
1189 2069 1372 2114 sumus,
1419 2056 1458 2099 si
1497 2068 1747 2114 expressus

62 2131 115 2171 82
148 2137 290 2170 sucus
321 2125 423 2170 eius
454 2124 714 2184 tepefactus
738 2124 930 2170 auribus
955 2124 1220 2171 instilletur.
1281 2123 1552 2169 Senecionis
1575 2123 1747 2169 herbae

150 2208 292 2240 sucus
339 2209 445 2240 cum
491 2193 669 2255 liquido
714 2194 859 2240 nardo
904 2194 1154 2240 instillatus
1200 2200 1246 2240 et
1283 2193 1468 2246 dolores
1506 2199 1552 2239 et
1590 2193 1747 2239 ulcera

68 2272 122 2310 83
154 2265 338 2310 aurium
393 2270 536 2310 sanat.
618 2263 782 2310 Oleum
834 2263 1067 2310 laurinum
1113 2263 1280 2324 strigili
1324 2263 1502 2309 ferreae
1547 2263 1746 2309 inditum
1771 2276 1812 2306 30

152 2339 291 2394 atque
333 2335 395 2380 ita
435 2333 709 2380 calefactum
747 2334 1047 2394 infusumque
1086 2332 1319 2379 auriculae
1359 2332 1565 2378 dolorem
1605 2332 1749 2379 sedat.

64 2411 118 2448 84
150 2402 343 2449 Vermes
375 2418 429 2450 ex
469 2403 676 2464 qualibet
713 2403 879 2449 arbore
918 2395 1050 2449 rubri
1088 2402 1259 2449 coloris
1290 2404 1479 2448 contriti
1510 2417 1615 2448 cum
1647 2402 1747 2448 oleo

60 2481 118 2519 85
151 2479 197 2518 ct
234 2474 377 2519 infusi
415 2473 601 2519 dolores
639 2475 822 2520 aurium
854 2473 1031 2519 sedant.
1091 2473 1221 2533 Aqua
1251 2474 1459 2532 ingressa
1492 2472 1747 2518 auriculam

148 2543 188 2588 si
226 2543 433 2589 dolorem
472 2543 630 2605 faciet,
676 2543 784 2589 rubi
820 2546 971 2589 teneri
1010 2557 1151 2588 sucus
1190 2556 1440 2602 expressus
1479 2550 1525 2588 et
1562 2543 1746 2589 infusus

261 2708 285 2745 5
332 2705 581 2760 specillum]
621 2704 805 2760 spicille.
989 2709 1013 2746 6
1044 2704 1227 2746 marina.
1399 2703 1629 2757 conchylio
1666 2717 1746 2745 om.

150 2764 173 2802 7
203 2759 464 2804 inconfecta.
585 2765 632 2802 12
667 2761 881 2815 claudito]
912 2760 1041 2802 cladi.
1157 2764 1210 2801 28
1242 2759 1485 2803 senitioniS.
