1930 3008
843 125 1226 176 -322—

155 264 210 302 38
382 252 561 300 Dantur
598 253 717 300 bene
755 253 812 300 ad
851 253 1123 301 solvendum
1161 262 1372 302 ventrem
1408 257 1622 318 potiones
1653 255 1726 302 vel
1755 270 1837 318 po-
1910 258 1926 266 ’“

240 324 365 370 lenta
395 338 502 370 cum
533 338 672 386 aqua,
708 325 759 370 in
796 338 885 385 qua
918 327 1120 371 satureia
1161 331 1241 372 aut
1270 325 1478 386 puleium
1510 332 1590 372 aut
1625 325 1838 388 thymum

240 399 321 440 aut
363 393 510 440 herba
555 393 847 440 Mercurialis
891 396 1074 441 incocta
1119 395 1283 458 fuerit3
1327 395 1407 442 sed
1454 402 1500 442 et
1535 395 1651 442 haec
1688 397 1751 442 ita
1787 398 1836 442 in

239 463 392 511 tribus
438 465 654 510 sextariis
699 478 845 525 aquae
891 464 1241 527 decoquuntur,
1290 465 1438 512 donec
1483 465 1538 512 ad
1584 467 1838 512 sextarium

238 533 551 596 perducatur3
602 533 657 580 ad
710 533 997 580 inflationem
1043 549 1153 581 vero
1206 535 1433 582 stomachi
1484 534 1736 582 saliuncam
1789 537 1884 582 in5
1926 558 1930 568 <-

240 618 359 664 aqua
405 603 603 664 decoqui
647 609 835 664 oportet
878 610 925 650 et
963 606 1182 665 exiguum
1220 611 1404 652 acetum
1443 605 1562 652 adici
1599 612 1738 667 atque
1775 606 1839 652 ita

238 674 373 734 potui
410 672 525 719 dari.

156 753 209 791 39
383 742 622 804 Hysopum
659 745 813 790 ventri
852 744 1081 790 movendo
1118 745 1440 791 vehementius
1479 751 1550 791 est
1587 759 1725 806 quam
1762 743 1839 790 ab·

241 812 490 875 sinthium,
544 813 683 859 datur
737 821 891 860 autem
943 814 1158 861 similiter
1202 815 1446 862 decoctum
1492 821 1630 876 atque
1677 814 1839 861 eadem

240 897 482 946 mensura3
528 883 721 944 prodest
766 885 903 930 etiam
948 883 1043 947 his,
1088 884 1260 945 quibus
1303 887 1352 931 in
1395 891 1587 946 pectore
1631 884 1840 945 liquores
1863 896 1907 927 ιο

241 953 465 1013 glutinosi
503 952 790 1015 subsistunt,
837 955 918 1014 qui
959 960 1005 1000 et
1043 955 1252 1015 spirandi
1288 955 1611 1001 difficultatem
1649 961 1695 1001 et
1733 955 1838 1001 stri-

242 1023 405 1069 dorem
438 1022 666 1070 stomachi
696 1023 895 1086 faciunt3
934 1025 1044 1070 item
1076 1024 1150 1071 his
1179 1025 1384 1087 prodest,
1420 1027 1501 1086 qui
1530 1026 1579 1070 in
1610 1030 1707 1071 toto
1739 1038 1840 1071 cor-

239 1107 354 1154 pore
392 1093 611 1139 videntur
647 1093 856 1154 liquores
894 1100 1140 1140 concretos
1177 1094 1363 1140 habere.

157 1172 213 1210 40
385 1162 538 1209 Alium
564 1177 671 1209 cum
694 1162 866 1209 herbae
889 1162 1181 1210 Mercurialis
1204 1162 1326 1210 foliis
1351 1169 1431 1210 aut
1454 1165 1631 1210 semine
1655 1168 1840 1210 coctum

239 1231 311 1278 vel
349 1246 457 1278 cum
495 1238 600 1279 ruta
639 1239 686 1279 et
722 1232 955 1279 absinthio
995 1239 1181 1280 coctum
1224 1235 1370 1295 magis
1415 1239 1570 1280 movet
1613 1241 1838 1295 ventrem,
1862 1246 1904 1278 15

239 1301 448 1362 liquores
502 1308 658 1348 autem
712 1317 873 1349 omnes
927 1303 1122 1350 adiectis
1175 1303 1355 1350 duabus
1403 1303 1624 1350 radiculis
1667 1304 1841 1350 veratri

240 1373 363 1432 nigri
392 1373 532 1418 etiam
562 1373 610 1418 in
641 1372 762 1419 febri
792 1373 950 1419 datum
984 1373 1174 1421 deducit
1202 1388 1287 1435 per
1317 1380 1526 1421 ventrem
1557 1373 1628 1420 vel
1652 1387 1839 1420 sursum

239 1455 404 1488 versus
442 1456 526 1502 per
565 1444 787 1490 vomitum
824 1449 1006 1504 purgat.

153 1521 208 1559 41
382 1511 674 1576 Embamma,
713 1527 805 1574 quo
842 1519 1006 1559 venter
1043 1513 1251 1576 solvitur,
1290 1515 1378 1560 sic:
1429 1513 1699 1560 Scamoniae
1736 1513 1776 1559 X
1806 1513 1842 1578 1,

239 1581 491 1642 zingiberis
539 1582 577 1629 X
620 1582 662 1645 I,
710 1584 903 1644 piperis·
932 1582 971 1629 X
1017 1583 1059 1646 1,
1110 1585 1223 1629 nitri
1267 1583 1307 1630 X
1353 1583 1385 1629 1.
1469 1583 1593 1630 Haec
1646 1590 1839 1630 contusa
1864 1595 1908 1625 20

240 1657 288 1698 et
333 1651 535 1699 cribrata
580 1659 899 1715 reponuntur3
944 1653 1053 1700 inde
1099 1667 1205 1700 cum
1251 1668 1368 1715 opus
1413 1660 1485 1699 est
1526 1655 1728 1700 sumitur
1766 1669 1840 1701 co-

240 1721 391 1768 cleare
435 1722 624 1783 plenum
675 1729 722 1769 et
769 1723 970 1769 adicitur
1015 1723 1272 1770 embamma
1317 1723 1491 1770 sactum
1536 1737 1590 1769 ex
1635 1738 1746 1784 garo
1795 1731 1841 1770 et

242 1798 375 1838 aceto
413 1805 661 1840 mensurae
699 1793 853 1853 cyathi
890 1793 1082 1839 dimidii.
1141 1792 1210 1839 Ex
1247 1793 1336 1839 hoc
1373 1793 1601 1840 lactucam
1639 1800 1719 1840 aut
1747 1793 1840 1839 vol-

241 1876 346 1908 vam
391 1862 636 1909 comedere
674 1864 885 1909 ieiunum
923 1869 1131 1925 oportet,
1173 1863 1254 1911 sed
1294 1865 1487 1925 sensim,
1525 1877 1619 1909 non
1655 1865 1841 1910 univer-

243 1946 354 1978 sam.
415 1932 531 1979 Cum
570 1934 675 1994 quis
712 1947 798 1994 per
829 1939 1037 1980 ventrem
1068 1939 1295 1994 purgatus
1326 1933 1482 1995 fuerit,
1520 1935 1658 1979 etiam
1689 1940 1842 1980 vomat
1864 1943 1907 1974 25

241 2003 289 2047 in
335 2001 517 2048 balineo
563 2003 978 2066 medicamentum,
1029 2018 1120 2064 quo
1167 2004 1341 2049 reiecto
1388 2003 1576 2050 domum
1624 2018 1841 2050 reversus

244 2071 401 2118 cibum
441 2073 734 2120 sufficienter
771 2079 818 2120 et
854 2075 1014 2120 vinum
1052 2079 1217 2119 sumat.

156 2150 212 2189 42
384 2141 513 2188 Vinis
558 2144 627 2189 uti
673 2148 858 2204 oportet
902 2143 957 2189 ad
1002 2144 1333 2189 intestinorum
1379 2142 1564 2188 dolores
1607 2141 1743 2188 factis
1784 2156 1840 2188 ex

240 2217 346 2258 ruta
379 2218 425 2258 et
455 2212 625 2275 puleio,
663 2215 781 2275 apio,
819 2214 1025 2277 origano,
1063 2228 1217 2275 aneso,
1257 2213 1417 2276 dauon,
1446 2212 1623 2274 thymo,
1649 2212 1840 2276 hysopo,

240 2296 430 2344 panace,
469 2283 716 2345 dictamno,
755 2283 938 2330 anetho.
1861 2293 1902 2322 30

158 2361 213 2398 43
387 2351 557 2399 Sabuci
610 2367 769 2399 semen
822 2355 985 2400 tritum
1031 2368 1137 2399 cum
1182 2354 1289 2399 rino
1335 2352 1493 2398 datum
1538 2357 1584 2397 ct
1627 2356 1837 2396 ventrem

238 2428 392 2468 movet
423 2428 470 2468 et
498 2423 691 2483 prodest
721 2425 1054 2469 intestinorum
1085 2422 1346 2484 doloribus;
1377 2416 1697 2481 chamaeropis
1723 2434 1836 2481 quo-

239 2505 329 2551 que
382 2506 541 2538 semen
597 2507 651 2539 ex
697 2495 803 2539 vino
848 2493 1008 2540 datum
1055 2492 1268 2539 similiter
1311 2491 1503 2552 prodest
1555 2504 1738 2536 necnon
1790 2495 1837 2536 et

239 2561 552 2623 chamaepitys
584 2564 695 2609 trita
727 2577 782 2609 ex
813 2564 919 2609 vino
951 2568 1059 2623 pota
1088 2562 1211 2608 idem
1242 2566 1460 2622 praestat,
1500 2561 1638 2606 etiam
1674 2573 1834 2606 semen

379 2672 404 2708 2
437 2668 647 2723 satureia]
679 2670 754 2710 aut
784 2681 897 2711 cera.
970 2667 1178 2721 poleium.
1254 2669 1303 2707 11
1332 2665 1576 2719 gluttinosi.
1659 2669 1708 2707 13
1733 2677 1833 2706 con—

239 2723 400 2778 cretos]
434 2726 678 2767 concoctos.
804 2728 856 2765 14
887 2723 1027 2765 alium
1058 2727 1083 2765 1
1093 2736 1135 2765 m
1165 2721 1318 2765 allium
1348 2726 1440 2765 ἕνη.
1569 2725 1624 2763 28
1655 2720 1834 2775 oportit.

237 2782 290 2820 29
323 2778 493 2821 daucio.
609 2785 662 2821 32
695 2779 956 2833 chameropi.
