1898 3016
720 112 1093 164 —253—

109 246 159 291 in
200 242 381 290 balineo
427 243 475 288 in
522 240 636 287 solio
683 241 787 288 data
831 243 963 302 potui
1006 241 1092 287 hac
1140 240 1403 287 valetudine
1441 240 1706 287 laborantes

109 315 202 361 cito
239 310 529 359 remediabit.

248 381 312 428 Ad
342 382 544 428 nesciam
569 380 829 427 remedium
853 382 941 427 sic:
973 379 1089 427 Cera
1114 379 1259 426 rubea
1284 386 1331 426 et
1356 386 1539 426 stercus
1563 381 1705 439 canis,
1739 388 1793 427 47

110 453 233 514 quod
265 459 337 498 est
366 450 543 512 album3
573 450 660 497 hoc
691 452 787 497 sicc
817 456 916 496 tum
947 452 995 496 in
1028 450 1123 496 sole
1156 456 1203 496 et
1233 452 1279 496 in
1311 450 1502 495 modum
1533 449 1707 495 farinae

70 535 92 567 5
113 522 370 568 cribratum
407 533 515 567 cum
553 520 697 567 fuerit
731 526 994 582 contusum,
1033 520 1158 566 lento
1192 521 1291 580 igni
1321 533 1456 566 cerae
1486 520 1709 565 remissae

109 591 394 638 admiscetur
437 604 522 650 per
566 596 724 650 partes
770 596 816 635 et
862 588 952 635 olei
989 603 1179 652 parum,
1217 595 1399 636 tantum
1437 595 1490 635 ut
1524 588 1711 635 mollius

109 661 235 708 idem
272 660 502 707 efficiatur
538 659 848 720 medicamen3
896 659 978 705 sed
1017 666 1152 706 antea
1194 666 1347 705 tamen
1385 657 1710 720 colocynthide

110 737 158 778 et
201 730 442 777 centaurio
480 734 674 775 curetur
711 730 789 774 cui
824 728 1107 775 medendum
1145 735 1242 791 est,
1281 734 1353 790 ut,
1392 730 1431 774 si
1469 742 1563 774 non
1600 742 1707 790 pro-

110 800 287 862 fecerit,
326 799 616 846 curationem
653 799 824 845 iterum
863 797 1095 845 adhibeas.

757 949 881 997 CAP.
920 949 1076 998 XXVI.

116 1040 350 1083 Renium
393 1041 447 1081 et
489 1037 695 1081 vesicae
744 1038 1020 1081 doloribus
1057 1041 1112 1081 et
1150 1037 1324 1081 causis
1360 1038 1624 1081 universis
1663 1040 1717 1081 et

118 1109 326 1152 calculo
379 1110 434 1151 et
484 1107 756 1160 (lysaniae,
809 1107 866 1150 id
917 1110 999 1150 est
1047 1108 1235 1151 urinae
1288 1108 1715 1160 difficultatibuS,

115 1181 170 1222 et
201 1177 529 1231 stranguriae
557 1187 767 1220 necnon
798 1180 852 1220 et
881 1177 1201 1220 submeiulis
1231 1178 1467 1220 remedia.
1496 1178 1717 1231 physica

315 1249 368 1291 et
403 1246 737 1290 rationabilia
776 1246 984 1289 diversa
1021 1247 1089 1290 de
1128 1247 1524 1302 experimentis.

59 1370 98 1399 10
260 1354 327 1400 Ad
350 1356 535 1400 renium
559 1360 793 1400 tumorem
817 1359 897 1399 aut
922 1354 1330 1400 exulcerationem.
1375 1353 1526 1400 Etiam
1551 1357 1591 1400 si
1615 1369 1716 1401 san·
1751 1364 1772 1401 1

121 1424 441 1485 guinulentam
487 1425 669 1470 urinam
715 1425 820 1483 quis
865 1424 1021 1486 faciat,
1071 1423 1159 1469 hoc
1203 1423 1410 1469 remedio
1456 1424 1717 1471 sanabitur:

120 1493 270 1540 Rosae
308 1493 462 1540 aridae
501 1492 734 1554 foliorum,
771 1494 1014 1553 papaveris
1046 1494 1169 1553 nigri
1200 1494 1404 1556 seminis,
1443 1493 1719 1541 nucleorum

119 1566 367 1624 pineorum
397 1564 524 1624 paria
554 1562 762 1623 pondera
793 1562 1149 1609 contunduntur
1180 1576 1394 1608 seorsum
1425 1569 1471 1609 et
1501 1565 1550 1609 in
1573 1578 1722 1611 unum

120 1634 400 1695 miscentur3
431 1631 539 1678 inde
572 1631 708 1678 datur
740 1639 966 1693 quantum
997 1647 1091 1678 nux
1122 1631 1355 1692 iuglandis
1386 1647 1441 1678 ex
1468 1635 1596 1694 passi
1619 1648 1719 1695 cya-

59 1715 99 1746 15
121 1702 214 1749 this
251 1702 434 1749 duobus
473 1708 519 1748 et
555 1716 702 1762 aquae
742 1702 919 1762 cyathis
957 1701 1124 1748 tribus.

260 1773 358 1818 Alia
389 1772 445 1817 ad
477 1773 663 1817 renium
694 1771 901 1818 dolorem
932 1773 1073 1834 potio,
1106 1786 1223 1832 quae
1255 1774 1394 1818 etiam
1425 1773 1559 1832 quasi
1588 1772 1720 1819 hare·
1752 1782 1776 1819 2

120 1855 227 1887 nam
266 1841 495 1887 sablosam
533 1841 771 1887 interdum
810 1841 1028 1902 detrahit,
1067 1843 1236 1901 accipit
1273 1841 1410 1887 haec:
1447 1843 1551 1903 Apii
1586 1844 1721 1888 semi-

122 1913 208 1972 nis,
246 1910 523 1972 petrosilini,
561 1912 695 1972 anisi,
734 1910 1024 1971 singulorum
1057 1911 1095 1956 X
1128 1925 1265 1957 senos
1297 1911 1455 1972 denos,
1486 1911 1623 1959 dauci
1653 1926 1723 1959 se-

120 1981 261 2026 minis
308 1978 481 2042 XIIII,
528 1980 721 2026 schoeni
766 1980 982 2026 denarios
1020 1980 1099 2042 VI,
1145 1982 1273 2026 croci
1310 1979 1350 2025 X
1381 1980 1528 2044 XXII,
1573 1981 1723 2028 mellis

59 2063 100 2093 20
123 2055 348 2110 quantum
387 2051 499 2095 satis
537 2049 782 2096 videbitur.
843 2049 963 2096 Hinc
1002 2050 1139 2096 datur
1177 2056 1401 2110 quantum
1439 2050 1628 2111 lupinus
1667 2066 1724 2098 ex

119 2119 270 2165 mellis
308 2119 464 2179 ligulis
502 2119 683 2165 duabus
722 2125 768 2165 et
805 2134 951 2180 aquae
991 2119 1168 2180 cyathis
1198 2118 1295 2166 [ΙΙΙ.

260 2189 329 2235 Ad
373 2190 558 2235 renium
602 2196 835 2235 tumorem
882 2195 928 2234 et
975 2188 1182 2235 dolorem
1234 2189 1495 2235 remedium
1544 2189 1722 2250 efficax,
1753 2199 1777 2235 3

121 2257 245 2319 quod
284 2259 393 2304 facit
430 2264 477 2304 et
514 2259 567 2304 ad
608 2260 830 2304 iocineris
871 2265 917 2304 et
954 2258 1089 2304 lienis
1127 2264 1360 2304 tumorem
1391 2266 1438 2304 et
1468 2259 1524 2304 ad
1554 2259 1721 2320 hydro-

120 2330 250 2388 picos
288 2334 334 2374 et
371 2328 427 2374 ad
466 2343 562 2390 eos,
600 2330 680 2388 qui
719 2328 827 2374 mali
865 2327 1035 2374 color1s
1074 2334 1266 2388 propter
1305 2328 1419 2374 haec
1458 2329 1567 2374 vitia
1599 2336 1723 2375 sunt.

61 2408 101 2439 25
124 2397 304 2457 Accipit
347 2397 482 2444 haec:
536 2397 674 2444 Croci
721 2397 760 2443 X
791 2397 852 2459 X,
897 2397 1032 2443 nardi
1076 2397 1225 2443 Indici
1265 2397 1392 2459 XII,
1438 2399 1557 2443 costi
1596 2397 1634 2443 X
1666 2397 1719 2460 11,

123 2466 312 2513 schoeni
345 2466 380 2511 X
405 2466 438 2527 I,
469 2469 673 2513 cinnami
704 2466 800 2529 XI,
831 2481 1013 2528 myrrae
1045 2473 1218 2514 stactae
1253 2466 1292 2512 X
1317 2466 1350 2528 1,
1381 2466 1531 2513 mellis
1559 2469 1723 2528 optimi

268 2591 289 2626 1
309 2585 564 2629 valitudine
631 2592 656 2628 4
672 2588 757 2630 hoc
774 2600 854 2629 om.
923 2593 947 2629 5
964 2588 1009 2629 et
1024 2588 1160 2629 lento.
1217 2599 1318 2629 cera
1333 2586 1530 2629 remissa.
1583 2592 1608 2628 6
1631 2592 1729 2640 post

126 2643 274 2694 paites
303 2642 403 2683 add.
428 2641 571 2684 farina
594 2643 726 2684 canis.
818 2644 1031 2696 quantum
1058 2645 1108 2684 ut
1136 2641 1324 2685 mollior.
1405 2648 1456 2684 14
1485 2642 1725 2698 iuglandis]

127 2698 191 2739 sic
213 2696 410 2740 Sambon.
434 2710 609 2761 quoque·
669 2702 720 2740 18
745 2698 878 2754 anisi]
901 2698 1030 2741 sansi.
1086 2703 1135 2740 19
1161 2697 1319 2740 scoeni.
1378 2703 1430 2740 21
1456 2699 1624 2741 duabus
1648 2711 1726 2740 om.

129 2757 182 2794 23
215 2752 273 2794 ad
303 2757 402 2795 ante
430 2753 634 2796 iocineris
665 2767 742 2797 om.
852 2755 1098 2808 ydropicos.
1209 2759 1262 2796 26
1293 2754 1453 2796 scoeni.
1553 2753 1726 2796 mii-rae.
