1898 3016
99 1838 150 1876 10

100 1908 149 1944 11

102 2327 151 2363 12

101 2467 151 2503 13

786 164 1171 214 -178-

177 295 466 339 misceantur
497 293 651 338 omnia
682 291 931 353 diligenter
962 293 1197 353 mixtaque
1224 295 1516 354 coagitemur
1541 294 1596 340 ad
1621 294 1777 341 focum

179 370 225 409 et
263 362 535 423 refrigerata
574 363 623 408 in
654 361 776 408 dolio
809 363 956 408 vitreo
987 368 1289 423 reponantur,
1321 363 1491 425 quibus
1522 378 1629 411 cum
1661 378 1779 426 opus

179 433 323 479 fuerit
360 433 510 478 ceroti
546 445 675 478 more
714 433 874 478 uteris.

320 501 527 549 Cervicis
572 500 705 548 dolor
741 500 1030 563 inflexibilis,
1073 515 1212 562 quem
1243 502 1575 564 opisthotonon
1613 502 1780 550 Graeci

178 579 358 633 vocant,
395 571 574 618 levatur
609 572 744 618 urina
776 585 943 632 caprae
973 570 1165 618 auribus
1196 573 1349 619 infusa
1379 578 1459 619 aut
1489 572 1631 619 bulbo
1661 574 1774 619 trito
1797 586 1818 619 5

178 656 286 688 cum
322 642 431 687 fimo
471 640 680 687 eiusdem
719 655 885 702 caprae
922 642 1096 687 cervici
1136 641 1291 704 inlito3
1338 642 1419 689 sed
1463 642 1580 688 nihil
1616 642 1780 689 utilius

179 718 251 758 est
288 711 628 758 medicamento
667 710 741 756 dia
780 716 961 757 steaton
999 710 1056 757 de
1094 711 1228 772 adipe
1266 712 1448 758 diversa
1485 713 1621 774 facto,
1655 711 1779 773 quod

182 795 324 843 supra
363 782 591 842 scriptum
630 786 714 827 est.
774 780 843 826 Ad
882 782 1117 827 cervicum
1156 781 1341 828 dolores
1379 782 1638 829 remedium
1667 782 1780 844 phy-

182 852 331 898 sicum
363 852 452 897 sic:
481 850 673 897 Ieiunus
704 850 915 897 dextram
945 865 1133 897 manum
1158 851 1299 898 saliva
1328 858 1464 913 tange
1497 858 1543 899 et
1566 851 1781 898 dextrum

181 920 404 982 poplitem
444 921 665 982 perfrica,
712 920 880 966 deinde
922 922 1111 967 sinistra
1148 936 1288 968 manu
1326 922 1569 968 sinistrum
1608 928 1655 968 et
1690 921 1780 968 hoc
1804 936 1846 966 10

182 997 254 1038 ter
284 1005 369 1051 per
400 989 609 1051 singulos
639 990 843 1052 poplites
873 990 1027 1053 facito,
1065 988 1222 1037 statim
1253 991 1546 1038 remediabis.
1605 991 1781 1053 Butyro

180 1067 228 1107 et
253 1061 389 1121 adipe
414 1061 575 1107 ursina
597 1066 853 1121 perunctae
878 1062 1084 1107 cervices
1112 1062 1268 1107 statim
1292 1061 1594 1108 sanabuntur.
1637 1061 1781 1108 Cerae

182 1129 415 1193 selibram,
443 1129 534 1176 olei
557 1131 739 1191 cyprini
763 1129 994 1191 selibram,
1018 1129 1240 1177 absinthii
1264 1131 1425 1177 viridis
1449 1132 1636 1178 contusi
1662 1157 1720 1163 -
1742 1129 1782 1176 II

181 1199 321 1247 simul
359 1200 415 1246 ad
453 1201 608 1260 ignem
646 1201 878 1260 permisce
924 1205 969 1245 et
1014 1214 1099 1260 pro
1145 1206 1304 1247 ceroto
1349 1206 1483 1247 utere
1525 1200 1581 1246 ad
1619 1214 1782 1246 omnes

180 1271 416 1317 cervicum
455 1268 653 1315 doloreS.
713 1268 856 1330 Rigor
888 1270 1084 1316 cervicis
1114 1270 1248 1330 adipe
1279 1271 1495 1317 anserina
1524 1270 1596 1316 vel
1624 1271 1782 1331 potius
1805 1282 1846 1314 15

181 1341 347 1401 gruina
385 1345 644 1400 perunctus
676 1338 966 1385 velocissime
997 1338 1246 1386 mollietur.
1302 1340 1401 1386 Fici
1431 1340 1539 1386 folia
1569 1347 1617 1387 et
1645 1354 1782 1401 poma

181 1410 392 1457 eiusdem
430 1410 665 1455 inmatura
694 1410 903 1455 ‘contrita
942 1416 988 1455 et
1024 1411 1225 1470 inposita
1267 1411 1439 1456 cervici
1485 1409 1782 1457 subveniunt.

321 1478 583 1526 Nervorum
621 1480 830 1525 omnium
867 1480 1012 1539 rigori
1050 1485 1096 1525 et
1132 1479 1517 1541 perfrictionibus
1549 1482 1641 1527 cito
1673 1479 1780 1526 sub·

180 1551 367 1596 venitur
403 1548 677 1609 malagmate
715 1548 814 1595 tali:
860 1547 962 1594 Olei
998 1548 1167 1595 laurini
1205 1549 1254 1596 P.
1286 1549 1319 1612 I,
1357 1551 1540 1596 resinae
1578 1549 1780 1596 terebin-

180 1619 338 1666 thinae
382 1618 430 1665 P.
476 1618 509 1682 1,
560 1619 679 1679 picis
731 1618 933 1679 liquidae
976 1617 1024 1664 P.
1070 1618 1109 1680 I,
1165 1621 1390 1680 axungiae
1436 1621 1606 1666 veteris
1652 1619 1700 1666 P.
1745 1619 1777 1666 Ι.
1803 1631 1846 1663 20

181 1689 397 1735 Decoctis
437 1694 483 1734 et
519 1689 764 1748 permixtis
804 1702 895 1734 una
931 1687 1005 1734 his
1044 1688 1290 1750 speciebus
1329 1690 1462 1736 nervi
1495 1691 1701 1750 rigentes
1734 1695 1779 1735 et

183 1759 349 1805 offensi
386 1757 637 1804 salubriter
674 1758 1001 1818 perfricantur.

322 1827 692 1889 Opisthotonicis
731 1834 777 1873 et
810 1829 1025 1874 tetanicis
1056 1827 1220 1874 lotium
1251 1830 1494 1890 caprinum
1525 1842 1631 1875 cum
1664 1842 1782 1889 aqua

182 1900 380 1945 mixtum
403 1898 658 1944 efficaciter
680 1897 885 1959 prodest,
918 1899 958 1943 si
984 1893 1154 1945 ieiunis
1177 1900 1309 1959 potui
1332 1898 1483 1945 detur.
1537 1897 1781 1944 Summum

182 1968 542 2030 opisthotonicis
573 1974 620 2014 et
650 1967 906 2014 arthriticis
937 1968 1196 2014 remedium
1227 1974 1274 2014 et
1303 1967 1463 2014 multis
1487 1969 1777 2028 experimen·
1802 1979 1843 2011 25

182 2040 242 2085 tis
280 2037 530 2099 probatum
567 2037 817 2084 conficitur
854 2038 942 2084 sic:
995 2037 1224 2099 Castorei,
1261 2039 1439 2098 piperis
1477 2037 1587 2099 albi,
1625 2043 1778 2099 petro—

183 2107 319 2155 selini
356 2107 572 2168 aequales
609 2109 851 2168 portiones
889 2107 1028 2153 simul
1067 2107 1235 2154 tundes
1281 2113 1328 2154 et
1372 2106 1601 2153 cribrabis
1640 2114 1778 2167 atque

181 2177 290 2224 inde
336 2176 545 2224 cocleare
591 2191 739 2223 unum
785 2191 892 2223 cum
943 2192 1037 2223 uno
1083 2177 1281 2223 cocleari
1332 2177 1483 2223 mellis
1535 2182 1582 2222 et
1633 2190 1778 2237 aquae

183 2247 572 2308 calidae-cyathis
611 2246 795 2293 duobus
831 2248 989 2293 ieiuno
1028 2247 1083 2293 ad
1123 2247 1245 2294 diem
1284 2246 1428 2293 dabis.

325 2316 493 2363 Farina
537 2315 619 2362 lini
665 2318 855 2363 seminis
900 2317 1055 2363 addito
1102 2318 1225 2363 nitro
1278 2331 1333 2362 ex
1381 2317 1487 2362 vino
1533 2315 1681 2362 calido
1730 2317 1778 2363 in
1802 2328 1843 2359 30

183 2387 374 2434 modum
411 2386 699 2447 malagmatis
735 2393 1024 2447 temperatur
1066 2392 1112 2433 et
1148 2388 1389 2447 inponitur
1426 2386 1662 2432 cervicum
1700 2384 1779 2431 do-

183 2457 286 2519 lori,
317 2458 473 2503 statim
503 2456 731 2503 medetur.
783 2456 950 2502 Farina
982 2471 1166 2518 quoque
1196 2455 1361 2502 hordei
1391 2470 1498 2502 cum
1529 2455 1621 2502 ficu
1652 2455 1780 2501 arida

101 2536 154 2572 14
186 2533 323 2573 tunsa
368 2528 596 2587 permixta
642 2534 687 2573 et
730 2527 932 2587 inposita
974 2526 1098 2572 idem
1150 2531 1363 2586 praestat.
1437 2524 1678 2571 Lenticula
1730 2526 1778 2570 in

186 2603 315 2642 aceto
348 2596 554 2643 discocta
585 2595 847 2642 cervicibus
879 2596 1162 2656 malagmatis
1193 2609 1321 2641 more
1353 2595 1562 2656 adposita
1592 2594 1777 2641 dolores

103 2674 153 2711 15
185 2679 346 2712 earum
390 2667 584 2725 mitigat.
658 2665 725 2711 Ad
773 2666 1008 2711 cervicum
1053 2670 1260 2711 tumores
1306 2664 1534 2711 sedandos
1584 2678 1777 2711 ovorum
1800 2675 1840 2707 35

184 2733 329 2782 vitelli
373 2737 492 2781 cocti
539 2750 645 2781 cum
691 2735 824 2796 adipe
869 2736 1083 2781 anserina
1127 2734 1406 2781 inliniuntur
1445 2734 1548 2780 felle
1586 2735 1776 2794 caprino

186 2807 347 2865 aequis
386 2805 672 2865 ponderibus
709 2806 940 2864 permixto
979 2811 1117 2865 atque
1154 2804 1263 2851 inde
1299 2806 1505 2851 cervices
1536 2804 1775 2850 fricantur.
