1898 3016
755 84 1130 134 —227—

150 215 260 262 losis
283 214 397 261 haec
421 214 695 277 conpositio,
724 212 806 260 sed
830 212 886 259 ad
911 226 1072 260 omnes
1097 225 1260 259 causas
1285 213 1455 259 ieiunis
1480 219 1526 259 et
1548 214 1746 260 maxime

151 285 344 346 digestis
383 290 646 345 opportune
684 283 785 330 dari
822 281 974 330 debet.

287 354 356 400 Ad
394 353 603 401 dolorem
645 354 867 400 iocineris
911 352 1155 414 physicum
1199 352 1460 399 remedium
1507 354 1596 399 sic:
1648 352 1746 399 Cal·
1776 364 1828 402 21

148 423 281 470 culus
328 425 424 470 sive
467 423 671 486 lapillus,
716 424 798 485 qui
841 437 866 469 a
903 421 1134 469 calculoso
1173 421 1317 468 fuerit
1355 423 1556 486 eiectus,
1602 437 1745 484 super

105 505 125 537 5
147 495 278 540 iecur
316 492 516 540 dolentis
554 493 767 554 alligatus
805 493 962 539 statim
998 492 1221 554 proderit.

287 562 454 625 Glycea
490 568 598 624 pota
636 567 683 609 et
712 567 922 609 ventrem
951 561 1122 609 laxabit
1152 568 1199 609 et
1227 563 1426 609 iocineri
1454 561 1667 623 proderit
1697 568 1744 610 et
1773 574 1827 611 22

146 633 395 694 digestioni
432 632 659 680 stomachi
696 631 1015 695 opitulabitur,
1054 646 1192 693 quam
1230 631 1435 694 glyceam
1478 633 1545 678 sic
1577 632 1744 679 facies:

144 702 277 749 Aceti
307 700 356 749 ἃ
386 701 424 765 I,
457 701 605 748 mellis
636 701 683 748 P.
715 701 771 764 11,
807 701 931 748 aloes
966 727 1023 734 —
1059 701 1135 759 III,
1173 701 1366 749 feniculi
1396 701 1578 748 radices
1608 701 1656 749 P.
1688 702 1744 766 II,

146 786 260 832 quas
291 771 470 819 sublata
501 773 676 818 cortice
707 770 955 833 diligenter
986 771 1185 818 siccabis
1217 778 1263 818 et
1293 771 1463 818 tundes
1488 777 1627 833 atque
1650 786 1744 819 una

82 853 122 884 ιο
146 847 282 888 nocte
312 842 361 888 in
392 847 522 888 aceto
553 841 824 904 macerabis,
853 847 1041 903 postera
1073 855 1183 887 vero
1211 841 1284 887 die
1309 855 1544 902 excoques
1567 841 1624 888 ad
1647 856 1742 888 me-

145 911 243 958 dias
275 917 322 958 et
352 910 539 973 colabis,
577 916 690 958 tunc
727 910 1007 958 admiscebis
1036 910 1128 957 mel
1159 916 1205 958 et
1247 925 1421 972 coques
1453 911 1742 958 sufficienter

143 986 281 1042 atque
305 980 361 1027 ab
385 982 492 1042 igne
517 980 750 1028 sublatum
767 980 1082 1042 refrigerabis,
1100 988 1151 1027 ut
1173 987 1401 1043 tepescat3
1424 987 1587 1041 postea
1608 980 1742 1027 aloen

142 1056 268 1097 teres
300 1056 347 1097 et
376 1049 608 1113 miscebis,
645 1057 888 1112 praeterea
919 1052 1011 1111 apii
1039 1050 1202 1097 viridis
1233 1065 1443 1112 pugnum
1472 1050 1665 1111 plenum
1696 1057 1743 1096 ct

142 1120 416 1167 tantundem
439 1126 572 1166 rutae
596 1120 758 1167 viridis
782 1120 936 1167 addes.
983 1119 1106 1167 Haec
1129 1123 1282 1167 omnia
1306 1121 1363 1167 ad
1387 1120 1740 1182 spissitudinem

80 1201 121 1233 15
145 1189 294 1236 mellis
318 1195 448 1237 cocta
473 1189 645 1236 colabis
669 1196 715 1236 et
738 1189 1038 1250 refrigerabis
1062 1197 1200 1251 atque
1223 1189 1331 1236 inde
1356 1190 1582 1237 coclearia
1607 1196 1740 1237 terna

144 1274 250 1306 cum
288 1273 406 1321 aqua
443 1258 589 1306 calida
624 1261 781 1306 ieiuno
821 1265 868 1306 et
905 1260 1084 1320 digesto
1121 1274 1206 1320 per
1244 1259 1453 1306 triduum
1492 1259 1637 1306 dabis.

283 1328 399 1376 Item
444 1329 499 1375 ad
543 1330 764 1376 iocineris
806 1329 1014 1376 dolorem
1050 1329 1311 1376 remedium
1351 1331 1437 1376 sic:
1490 1329 1738 1393 Lupinum,
1770 1342 1823 1380 23

142 1398 441 1461 absinthium,
473 1404 668 1462 costum,
703 1399 887 1446 faenum
920 1412 1152 1460 graecum,
1185 1399 1266 1445 sed
1302 1399 1422 1460 quod
1456 1405 1633 1447 tostum
1664 1402 1737 1463 sit,

140 1470 243 1530 pari
278 1468 498 1529 pondere.
557 1467 681 1514 Haec
720 1470 844 1515 sicca
882 1468 1050 1515 tundes
1090 1474 1136 1514 et
1165 1468 1322 1515 cribro
1355 1469 1619 1516 medicinali
1649 1472 1737 1516 cri-

77 1548 118 1579 20
140 1537 320 1600 brabis3
363 1537 487 1584 unde
531 1538 689 1584 ieiuno
735 1537 943 1584 cocleare
987 1551 1275 1599 propensum
1321 1553 1377 1584 ex
1422 1553 1541 1599 aqua
1591 1539 1738 1587 calida

139 1622 224 1668 per
261 1606 469 1653 triduum
507 1606 658 1670 dabis3
699 1607 820 1668 quod
851 1608 1133 1654 intermissis
1165 1607 1341 1668 aliquot
1372 1607 1538 1655 diebus
1568 1623 1736 1657 rursus

138 1691 224 1738 per
254 1676 462 1724 triduum
492 1677 706 1724 similiter
735 1677 990 1724 bibendum
1021 1677 1164 1724 dabis.
1220 1677 1454 1725 Memento
1485 1684 1654 1742 tamen,
1686 1688 1738 1726 ut

139 1746 325 1793 faenum
359 1760 578 1807 graecum
607 1746 855 1807 diligenter
884 1752 1134 1810 torreatur,
1172 1753 1225 1794 ut
1254 1747 1374 1794 bene
1409 1748 1543 1794 tundi
1573 1750 1735 1813 possit,

140 1823 186 1862 et
223 1817 376 1862 omnia
413 1815 641 1878 observet,
682 1831 799 1877 quae
838 1816 959 1863 infra
994 1818 1167 1878 scripta
1200 1823 1324 1880 sunt,
1364 1819 1444 1878 qui
1476 1818 1734 1865 remedium

75 1895 115 1927 25
139 1891 418 1946 accepturus
456 1887 558 1932 erit.

278 1954 413 2001 Iecur
443 1954 542 2016 lupi
572 1954 805 2003 sublatum
835 1956 941 2002 luna
974 1956 1277 2002 decrescente
1308 1958 1357 2002 in
1389 1957 1516 2003 fumo
1540 1959 1733 2018 ponitur
1765 1968 1818 2006 24

139 2029 185 2070 et
222 2039 330 2071 cum
361 2025 584 2071 siccatum
615 2022 699 2086 est,
738 2027 929 2087 teritur3
966 2026 1074 2072 inde
1105 2025 1336 2086 particula
1367 2028 1477 2073 trita
1507 2028 1733 2075 miscetur

137 2093 319 2154 pulveri
364 2095 524 2155 aequis
568 2094 863 2155 portionibus
907 2095 1028 2142 facto
1070 2095 1127 2141 de
1165 2095 1299 2142 faeno
1337 2110 1526 2159 graeco,
1570 2097 1731 2158 lupino

138 2169 184 2210 et
221 2163 453 2210 absinthio
492 2169 538 2210 et
575 2170 718 2226 costo,
756 2166 819 2212 ita
850 2171 902 2211 ut
932 2179 988 2212 ex
1019 2179 1088 2227 e0,
1127 2165 1250 2226 quod
1281 2167 1330 2212 in
1361 2181 1413 2212 se
1444 2172 1594 2213 totum
1623 2181 1732 2227 per-

73 2243 114 2274 30
136 2234 332 2280 mixtum
370 2234 527 2296 fuerit,
564 2249 782 2280 mensura
821 2235 1044 2281 coclearis
1082 2234 1307 2282 cumulati
1340 2235 1478 2282 detur
1508 2236 1564 2282 ad
1595 2236 1731 2295 diem,

136 2316 230 2348 non
266 2302 552 2350 febricitanti
589 2318 644 2350 ex
674 2306 781 2350 vino
813 2306 971 2367 mixto,
1010 2306 1048 2351 si
1079 2304 1376 2368 febricitabit,
1415 2319 1470 2351 ex
1505 2320 1623 2367 aqua
1653 2307 1730 2370 ita,

137 2377 190 2418 ut
232 2386 318 2432 per
361 2373 569 2419 triduum
615 2373 704 2420 hoc
749 2374 1037 2421 medicamen
1081 2375 1267 2421 ieiunus
1309 2376 1505 2437 accipiat
1542 2382 1588 2422 et
1623 2390 1730 2437 por-

137 2447 265 2487 recto
310 2441 501 2489 brachio
546 2444 595 2489 in
641 2443 803 2490 dextro
848 2443 993 2491 latere
1030 2443 1102 2490 vel
1147 2444 1379 2490 semihora
1414 2446 1583 2508 iaceat3
1620 2446 1728 2492 inde

138 2510 398 2558 diutissime
436 2512 699 2560 deambulet
737 2520 782 2560 et
818 2514 1083 2560 tardissime
1122 2513 1280 2561 cibum
1311 2521 1463 2561 sumat
1493 2521 1540 2561 et
1570 2514 1727 2562 obser-

277 2621 301 2658 2
334 2619 558 2671 oportune.
667 2633 696 2662 a
724 2621 945 2663 vocabulis
975 2620 1072 2662 dari
1102 2619 1235 2663 debet
1263 2621 1424 2664 desinit
1445 2621 1575 2663 codex
1596 2633 1728 2675 usque

137 2672 193 2712 ad
222 2671 379 2726 XXIII,
408 2678 462 2716 34
496 2675 553 2716 ad
581 2675 716 2729 pedes
746 2675 835 2718 lien
866 2675 1056 2719 decidat.
1229 2681 1252 2718 7
1285 2675 1521 2730 digestioni
1549 2678 1727 2730 scripsi.-

136 2727 428 2782 digestionem
459 2730 711 2774 Gornarius.
828 2737 852 2774 8
881 2732 1042 2774 radicis
1075 2732 1325 2777 Commius,

1389 2801 1472 2844 15*
