1898 3016
779 106 1125 155 ..70-

67 240 120 278 60
149 229 218 278 Ne
243 245 362 277 anno
394 238 623 293 perpetuo
655 232 834 296 lippias,
865 234 920 280 de
953 235 1097 280 acinis
1122 248 1286 280 novem
1311 249 1424 281 uvae
1455 234 1597 298 albae,
1622 241 1747 282 ante-

148 315 286 362 quam
323 315 458 347 uvam
498 309 671 364 gustes,
710 305 868 349 novies
904 310 949 350 te
988 306 1198 364 inungeS,
1236 305 1299 350 ita
1335 310 1387 350 ut
1424 306 1545 351 intra
1587 304 1746 352 oculos

64 379 115 417 61
147 376 255 417 tuos
292 384 432 430 grana
472 373 651 432 singula
690 373 885 433 singulis
923 373 1103 419 vicibus
1141 373 1373 420 infundas.
1444 373 1636 421 Stercus
1673 389 1745 421 ca·
1808 399 1819 409 ·

144 441 334 502 prinum
388 442 493 487 vino
549 457 856 503 conspersum
907 444 1163 503 tritumque
1209 449 1255 489 et
1299 444 1553 504 inpositum
1600 444 1746 491 oculis

145 517 284 570 atque
345 509 597 571 obligatum
657 527 839 558 omnem
894 512 1101 558 dolorem
1153 518 1478 574 tumoremque
1531 513 1743 574 detergit.
1769 527 1788 557 5

62 588 113 626 62
146 578 318 626 Oculos
364 594 470 626 cum
516 581 672 627 dolere
720 583 823 642 quis
870 584 1097 644 coeperit,
1149 581 1256 628 ilico
1302 583 1345 628 ei
1389 582 1659 644 subvenies,
1707 585 1747 629 si

147 655 260 710 quot
297 648 476 695 litteras
514 665 684 697 nomen
723 653 824 697 eius
859 651 1088 714 habuerit,
1127 653 1369 697 nominans
1401 652 1599 714 easdem,
1640 654 1745 698 toti-

144 719 251 765 dem
295 718 442 765 nodos
488 721 535 766 in
574 721 681 767 rudi
718 720 812 767 lino
851 723 1053 782 stringas
1092 727 1138 767 et
1175 723 1300 768 circa
1338 721 1508 768 collum
1547 721 1746 768 dolentis

143 790 369 835 innectas.
425 789 473 835 Si
505 791 708 852 impetus
733 790 940 837 dolorem
964 793 1271 853 praevenerit,
1303 790 1586 838 absinthium
1613 798 1745 838 vetus

145 868 192 905 et
228 857 468 917 fuliginem
504 868 720 907 conteres
752 860 1011 922 diligenter,
1050 867 1162 907 tunc
1193 860 1343 906 mellis
1376 868 1599 921 quantum
1632 863 1744 908 satis
1770 876 1809 906 10

144 927 379 974 videbitur
410 928 582 975 adicies
614 939 660 977 et
691 931 844 977 denuo
876 936 1001 976 teres
1033 939 1169 990 atque
1202 945 1258 976 ex
1290 945 1344 976 eo
1375 930 1535 976 oculos
1563 930 1745 994 inlines,

60 1006 112 1045 63
142 997 425 1044 validissime
462 999 686 1059 proderit.
759 1000 826 1046 Ne
865 1015 984 1046 anno
1023 1006 1251 1060 perpetuo
1289 999 1467 1061 lippias,
1507 1014 1611 1046 cum
1651 1002 1744 1060 pri-

142 1083 270 1114 mum
309 1081 610 1115 cucumerem
644 1076 841 1116 nanctus
873 1070 1038 1132 fueris,
1077 1071 1125 1115 in
1157 1070 1344 1115 fontana
1375 1084 1492 1130 aqua
1525 1084 1631 1116 eum
1661 1084 1746 1130 per

142 1137 351 1184 triduum
399 1152 501 1184 esse
551 1141 599 1184 in
645 1139 830 1186 vasculo
869 1140 1043 1186 mundo
1081 1140 1346 1200 permittes,
1392 1139 1559 1184 deinde
1598 1139 1746 1185 oculis

58 1215 112 1254 64
143 1207 375 1268 adapertis
413 1207 582 1254 faciem
620 1215 746 1256 tuam
777 1224 829 1254 ea
860 1224 978 1270 aqua
1009 1209 1165 1255 fovere
1197 1207 1397 1254 curabis.
1457 1207 1548 1262 Qui
1579 1207 1746 1254 crebro
1771 1223 1810 1254 15

142 1275 438 1338 lippitudinis
493 1279 602 1324 vitio
655 1277 904 1340 laborabit,
959 1277 1231 1324 milefolium
1283 1277 1477 1323 herbam
1521 1278 1746 1324 radicitus

141 1346 278 1392 vellat
316 1353 362 1391 et
401 1361 457 1391 ex
496 1361 548 1393 ea
587 1348 816 1395 circulum
855 1348 1012 1411 faciat,
1059 1354 1111 1395 ut
1149 1362 1233 1408 per
1270 1347 1400 1394 illum
1439 1347 1662 1408 adspiciat
1701 1354 1747 1394 et

141 1416 265 1463 dicat
303 1422 396 1462 ter:
434 1415 660 1464 Excicum
699 1420 889 1480 acrisos,
929 1424 975 1464 et
1011 1419 1183 1464 totiens
1222 1418 1277 1464 ad
1310 1431 1361 1463 os
1392 1416 1482 1463 sibi
1517 1417 1746 1463 circulum

139 1485 273 1532 illum
311 1485 552 1532 admoveat
593 1495 639 1534 et
675 1502 761 1549 per
798 1488 1003 1534 medium
1042 1494 1212 1548 expuat
1260 1493 1305 1533 et
1350 1486 1543 1533 herbam
1580 1501 1746 1533 rursus

141 1555 332 1616 plantet.
409 1555 535 1609 Quae
581 1559 620 1603 si
665 1559 907 1619 revixerit,
962 1571 1216 1618 numquam
1262 1558 1301 1602 is
1355 1558 1435 1616 qui
1487 1556 1746 1602 remedium
1769 1568 1810 1598 20

141 1625 307 1672 fecerit
353 1625 596 1672 vexabitur
641 1627 884 1674 oculorum
932 1626 1112 1689 dolore3
1159 1626 1215 1672 ad
1261 1632 1514 1686 utrumque
1561 1625 1747 1672 oculum

139 1694 229 1741 hoc
267 1695 426 1756 facit03
466 1710 583 1756 quae
623 1698 664 1743 si
700 1699 855 1743 minus
892 1698 1127 1757 revixerit,
1166 1710 1222 1742 ex
1260 1695 1348 1742 alia
1384 1697 1555 1741 iterum
1594 1695 1746 1741 faciat.

141 1764 338 1826 Oportet
375 1771 530 1811 autem
569 1766 670 1813 dari
707 1781 916 1828 operam,
954 1772 1007 1812 ut
1043 1780 1136 1812 non
1175 1766 1314 1811 nimis
1343 1764 1487 1811 herba
1519 1767 1747 1811 constrin-

58 1843 110 1882 65
143 1843 291 1898 gatur,
331 1849 423 1896 quo
461 1835 639 1883 facilius
670 1836 874 1897 plantata
905 1842 1170 1896 consurgat.
1232 1834 1381 1895 Cepae
1412 1834 1574 1895 longae
1606 1849 1748 1881 sucus

143 1904 440 1965 opobalsamo
479 1907 651 1952 mixtus
690 1913 737 1952 et
774 1920 887 1953 suco
926 1905 1118 1952 feniculi
1155 1905 1332 1951 adiecta
1368 1904 1501 1964 adipe
1533 1906 1746 1950 anserina
1771 1916 1811 1948 25

143 1976 427 2035 incipientes
465 1976 721 2037 ypochyses
760 1976 953 2023 discutit
991 1983 1037 2022 et
1075 1975 1353 2022 suffusiones
1392 1975 1607 2034 reprimit
1642 1973 1747 2020 cali-

61 2054 113 2092 66
145 2046 371 2106 ginesque
410 2051 645 2092 extenuat.
706 2046 991 2107 Accipitrem
1026 2047 1066 2091 si
1097 2045 1330 2105 decoquas
1361 2045 1408 2089 in
1441 2043 1541 2090 0100
1573 2045 1746 2105 susino,

144 2114 294 2161 donec
326 2129 434 2161 caro
466 2116 566 2161 eius
590 2115 867 2175 resolvatur,
900 2122 946 2161 et
969 2130 1024 2161 ex
1052 2130 1106 2162 00
1131 2114 1290 2161 oculos
1315 2114 1585 2173 frequenter
1609 2114 1747 2158 inun-

61 2194 112 2232 67
144 2199 274 2247 guas,
312 2190 358 2230 et
395 2184 664 2247 ypochysim
704 2193 749 2232 et
787 2185 1030 2246 caliginem
1069 2184 1307 2231 discuties.
1379 2182 1747 2229 Chamaeleontis

145 2253 207 2300 fel
237 2260 413 2301 tantam
444 2256 533 2300 vim
566 2255 738 2302 habere
769 2255 992 2317 creditur,
1024 2260 1076 2301 ut
1106 2253 1363 2315 ypochyses
1393 2254 1515 2298 intra
1539 2252 1747 2298 triduum
1771 2265 1811 2295 30

146 2324 501 2371 inunctionibus
533 2332 677 2372 sanet.
739 2325 859 2385 Lupi
891 2325 1027 2371 fimus
1059 2324 1138 2370 diu
1161 2323 1415 2383 perfrictus
1439 2322 1493 2368 ad
1521 2336 1747 2368 summam

62 2409 113 2447 68
144 2392 378 2440 levitatem
424 2409 530 2441 cum
577 2395 711 2441 melle
757 2396 931 2440 mixtus
978 2399 1024 2440 et
1069 2393 1330 2439 inunctioni
1367 2391 1602 2437 adhibitus
1641 2405 1747 2437 ocu-

147 2462 299 2510 lorum
337 2464 595 2526 ypochyses
634 2465 827 2511 discutit
865 2470 911 2510 et
948 2463 1003 2509 ad
1042 2476 1270 2509 summam
1308 2461 1633 2508 claritudinem
1668 2475 1747 2507 eos

263 2588 287 2624 6
320 2584 469 2626 oculos
503 2597 602 2625 cum
633 2584 801 2640 dolere]
835 2582 1060 2626 oculorum
1093 2583 1301 2624 dolorem.
1391 2585 1414 2622 9
1449 2580 1744 2634 absynthium.

156 2642 207 2680 10
258 2638 455 2681 tumellis
509 2641 663 2682 litteris
713 2653 774 2681 nc
826 2639 1140 2692 superscriptis.
1316 2641 1364 2679 17
1411 2639 1456 2678 et
1502 2637 1623 2678 dicat
1667 2649 1742 2677 om.

152 2698 205 2736 26
236 2694 485 2748 ypochesis.
610 2700 661 2737 29
691 2694 960 2748 ypochesim.
1083 2698 1136 2735 30
1165 2693 1417 2747 ypocheses.
1541 2697 1593 2734 32
1623 2692 1752 2733 inun-

152 2749 291 2791 ctioni
320 2751 498 2805 scripsi:
528 2751 778 2794 inuictione.
896 2754 947 2791 33
978 2750 1234 2804 ypocheseS.
