1898 3016
764 107 1101 157 -19-

138 234 298 296 habui,
342 235 390 280 in
427 234 553 282 hunc
590 234 763 282 librum
807 234 998 298 contuli,
1042 250 1181 297 quem
1225 236 1282 282 ad
1319 242 1364 283 te
1403 238 1521 284 misi.
1581 237 1727 299 Cupio

138 305 261 352 enim
304 303 486 351 medius
529 304 667 351 fidius
712 319 802 366 qua
843 318 1037 366 possum
1082 311 1189 352 tuae
1233 307 1281 351 in
1320 319 1393 352 me
1441 312 1533 353 tam
1570 321 1726 368 perse-

136 374 315 421 veranti
343 372 693 421 benevolentiae
716 374 1000 436 respondere
1024 374 1211 422 adiutus
1234 376 1595 437 omnitempore
1619 391 1643 423 a
1667 384 1727 440 te,

134 445 383 505 praecipue
413 457 523 490 vero
554 445 658 491 istis
688 444 866 491 diebus,
919 442 978 490 Ut
1006 446 1209 506 primum
1241 446 1365 491 enim
1394 447 1603 507 potuisti,
1633 461 1726 493 non

93 529 114 561 5
135 527 186 560 es
222 526 386 574 passus
423 527 606 560 cessare
644 519 751 560 tuae
791 528 899 575 erga
929 527 1003 560 me
1033 516 1219 575 pietatis
1258 514 1463 562 officium
1501 515 1726 563 tradendo

134 584 307 644 scripta
345 597 445 629 mea
483 582 643 629 Latina
682 583 739 630 de
776 582 1130 630 medicinalibus
1168 589 1328 631 nostro
1366 583 1573 647 Caesari,
1611 599 1726 647 quo-

133 666 238 699 rum
275 657 552 714 potestatem
590 652 677 699 tibi
714 653 931 714 feceram,
968 659 1020 699 ut
1049 655 1151 714 ipse
1180 655 1311 715 prior
1340 654 1520 714 legeres
1552 654 1724 717 simpli-

133 723 343 783 citerque
386 722 618 769 indicares
663 722 798 784 mihi,
844 721 954 783 quid
994 724 1194 770 sentires
1233 723 1288 770 de
1326 723 1421 786 his;
1470 723 1725 785 plurimum

132 793 256 838 enim
291 791 464 838 iudicio
502 797 584 838 tuo
620 791 787 838 tribuo.
851 791 922 838 Tu
958 805 1100 851 porro
1132 793 1462 839 candidissimo
1493 795 1646 840 animo
1677 800 1725 841 et

69 877 110 908 ιο
133 874 241 922 erga
292 875 366 908 me
418 860 855 908 benevolentissimo
916 862 1081 921 dignos
1126 863 1312 909 nomine
1361 862 1578 909 editionis
1630 877 1724 910 non

131 930 286 977 verbis
323 930 405 977 sed
442 945 493 977 re
530 930 739 992 probasti
775 931 1131 992 periculumque
1170 946 1263 978 non
1295 933 1448 978 minus
1479 937 1531 978 tu
1560 932 1724 980 iudicii

132 1014 269 1060 quam
320 1014 405 1060 ego
458 1000 550 1047 stili
602 1006 793 1061 propter
839 1015 911 1047 me
957 1000 1113 1063 adisti,
1160 1016 1251 1062 quo
1295 1008 1506 1062 tempore
1551 1002 1721 1049 divinis

130 1068 344 1116 manibus
375 1084 428 1116 ea
458 1070 682 1117 tradendo
713 1072 1011 1117 consecrasti.
1056 1069 1225 1117 Fateor
1254 1072 1412 1132 itaque
1442 1085 1516 1117 me
1547 1073 1720 1132 gratias

130 1137 214 1186 tibi
265 1153 422 1202 agere,
476 1140 598 1200 quod
643 1146 689 1186 et
731 1141 863 1200 prius
918 1153 1055 1202 quam
1103 1142 1335 1202 rogareris
1387 1143 1722 1188 consummasti

69 1224 109 1256 15
131 1209 410 1254 amicissimo
448 1209 616 1255 affectu
653 1215 757 1255 vota
794 1223 895 1255 mea
935 1217 980 1256 et
1018 1210 1142 1270 quod
1180 1211 1376 1271 contigit
1413 1210 1527 1257 mihi
1564 1211 1719 1258 favore

130 1284 210 1324 tuo
262 1279 566 1324 maturiorem
618 1279 862 1339 percipere
908 1278 1051 1326 studii
1094 1279 1236 1326 huius
1280 1281 1371 1326 mei
1416 1279 1622 1326 fructum
1666 1294 1719 1327 ac

130 1346 424 1407 voluptatem.
490 1346 709 1408 Ignosces
746 1354 922 1411 autem,
967 1349 1005 1395 si
1048 1362 1224 1408 paucae
1263 1348 1348 1395 tibi
1383 1350 1506 1395 visae
1545 1349 1720 1396 suerint

1759 453 1811 491 13

1754 1080 1806 1118 14

129 1418 475 1478 conpositiones
513 1423 559 1463 et
595 1431 689 1463 non
726 1417 781 1464 ad
813 1420 964 1464 omnia
997 1418 1105 1464 vit-ia
1137 1420 1360 1480 scriptae3
1399 1433 1561 1465 sumus
1594 1420 1719 1465 enim
1793 1477 1796 1480 y

129 1491 182 1532 ut
226 1487 317 1532 scis
360 1500 557 1547 peregre
610 1500 696 1532 nec
749 1489 964 1548 sequitur
1014 1501 1098 1533 nos
1151 1489 1242 1534 nisi
1293 1489 1589 1534 necessarius
1641 1489 1717 1534 ad-

66 1570 107 1602 20
129 1554 318 1601 modum
348 1569 573 1602 numerus
603 1554 879 1603 libellorum.
931 1556 1098 1603 Postea
1129 1563 1297 1618 autem,
1338 1558 1378 1603 si
1408 1564 1454 1603 et
1483 1556 1570 1603 tibi
1592 1557 1717 1604 vide-

126 1623 269 1685 bitur,
301 1623 357 1670 ad
389 1624 569 1685 singula
600 1639 811 1686 quaeque
841 1626 1001 1687 plures
1038 1628 1385 1688 conpositiones
1422 1626 1715 1689 colligemus3

127 1699 312 1754 oportet
350 1695 472 1740 enim
511 1695 690 1755 copiam
723 1709 907 1756 quoque
939 1710 1100 1742 earum
1132 1695 1350 1742 selectam
1380 1695 1567 1759 habere,
1605 1711 1716 1757 quo-

125 1763 250 1809 niam
300 1777 461 1809 revera
513 1763 737 1824 quaedam
790 1767 933 1826 magis
987 1764 1263 1827 quibusdam
1317 1771 1363 1811 et
1413 1780 1506 1812 non
1555 1780 1716 1812 omnes

126 1831 343 1878 omnibus
373 1835 656 1879 conveniunt
684 1840 876 1895 propter
907 1835 1216 1882 differentiam
1248 1834 1427 1881 scilicet
1451 1849 1714 1896 corporum.

63 1917 104 1950 25
127 1899 334 1955 Quarum
364 1903 549 1948 initium
579 1916 604 1948 a
635 1904 785 1963 capite
816 1903 1053 1966 faciemus,
1084 1918 1317 1951 summum
1348 1905 1470 1950 enim
1507 1911 1553 1950 et
1583 1906 1717 1966 quasi

124 1972 327 2031 primum
365 1971 519 2018 locum
556 1971 645 2018 hoc
684 1974 883 2035 optinet,
927 1973 1090 2020 dantes
1135 1988 1344 2035 operam,
1389 1979 1441 2020 ut
1487 1973 1715 2035 simplicia

126 2040 329 2086 remedia
374 2042 524 2102 prima
577 2056 788 2103 quaeque
839 2057 1088 2106 ponamus3
1139 2043 1376 2089 interdum
1428 2045 1553 2089 enim
1599 2043 1713 2091 haec

125 2109 386 2156 efficaciora
425 2116 533 2157 sunt
572 2125 711 2171 quam
747 2126 803 2158 ex
839 2112 1054 2173 pluribus
1092 2114 1330 2174 conposita
1355 2113 1713 2162 medicamenta.

122 2177 225 2226 Erit
261 2185 417 2226 autem
453 2186 561 2226 nota
599 2180 778 2227 denarii
814 2195 898 2242 pro
930 2182 1104 2229 Graeca
1135 2182 1373 2244 drachma3
1411 2196 1557 2243 aeque
1590 2185 1714 2229 enim

61 2265 100 2297 30
123 2249 170 2294 in
207 2247 323 2295 libra
361 2248 539 2296 denarii
572 2249 822 2296 LXXXIIII
859 2252 980 2312 apud
1018 2267 1103 2299 nos
1141 2258 1268 2314 sunt,
1309 2253 1431 2298 sicut
1468 2252 1713 2299 drachmae

123 2317 242 2378 apud
281 2318 482 2365 Graecos
519 2321 780 2367 incurrunt.

232 2469 256 2506 2
281 2467 665 2518 perseverantiam.
742 2473 794 2510 10
816 2482 886 2510 me
910 2481 988 2511 om.
1065 2469 1485 2512 benivolentissimo.
1560 2467 1709 2522 digne.

123 2523 172 2560 11
213 2522 264 2561 tu
306 2522 554 2564 Buecheler:
601 2523 679 2564 tui.
825 2528 875 2565 16
913 2524 1019 2579 mei]
1061 2538 1143 2566 me.
1288 2530 1338 2566 17
1376 2526 1555 2579 ignosco
1586 2527 1708 2578 (ras.)

121 2579 174 2616 24
196 2580 296 2628 post
336 2589 568 2630 corporum
608 2580 707 2621 add.
742 2579 981 2622 Gornarius
1013 2581 1059 2621 et
1090 2580 1386 2622 affectionum.
1522 2584 1575 2623 26
1605 2579 1710 2636 hoc]

120 2631 248 2673 hunc.
378 2633 533 2675 dantes
580 2635 779 2690 operam]
828 2636 1047 2677 medentis
1093 2648 1237 2690 opera.
1388 2641 1440 2678 29
1480 2635 1707 2690 draghma,

119 2686 218 2782 {Item
246 2688 391 2783 I{mulo
434 2690 567 2741 infra.
702 2695 753 2732 31
791 2690 912 2733 Finit
947 2692 1138 2745 epistula
1179 2692 1333 2745 prima.
1392 2691 1554 2746 Incipit
1598 2691 1708 2734 eius-

150 2754 218 2784 em
290 2774 298 2783 .

1402 2819 1453 2858 2*

1748 1912 1799 1950 15
