1898 3016
125 378 176 415 16

123 585 174 623 17

123 931 174 969 18

120 1625 170 1662 19

115 2388 169 2426 20

815 123 876 132 ·—
955 95 1195 147 158—-‘

206 224 462 287 decoques,
506 230 560 270 ut
604 225 875 286 spissescat3
926 230 1033 271 ante
1081 230 1236 271 tamen
1282 239 1419 285 quam
1470 225 1562 271 mel
1613 225 1799 289 adicias,

206 308 347 355 supra
393 295 565 354 scripta
610 293 762 340 colare
807 293 971 356 debes,
1023 293 1132 340 inde
1176 299 1310 340 terna
1354 294 1567 342 cocliaria
1611 297 1799 342 ieiunus

208 370 255 410 et
292 369 399 424 post
436 378 597 410 cenam
635 364 850 424 accipies
922 363 993 409 Ad
1029 371 1206 409 tussem
1243 364 1502 411 remedium
1541 365 1675 412 utile:
1712 365 1798 411 Re-

208 436 355 479 sinam
386 433 750 480 terebinthinam
780 439 826 479 et
855 432 948 478 mel
977 432 1305 493 despumatum
1334 436 1436 494 pari
1463 434 1670 494 pondere
1694 449 1798 495 per-

206 505 404 549 mixtum
442 517 548 549 cum
587 517 671 548 ovo
710 501 874 548 leviter
912 502 1104 549 decocto
1142 501 1334 549 debebis
1371 504 1557 550 ieiunus
1595 503 1798 550 haurire.
1821 517 1842 549 5

205 572 418 619 Puleium
457 573 634 618 siccum
671 571 728 617 ad
766 585 1031 618 mensuram
1071 571 1224 633 cyathi
1268 579 1314 618 et
1350 574 1578 635 nasturcii
1614 579 1799 620 tantun-

205 642 310 688 dem
340 644 389 687 in
419 641 659 702 pulverem
690 642 1018 689 tenuissimum
1049 641 1208 702 redige
1239 647 1284 688 et
1307 641 1458 688 mellis
1481 643 1646 703 optimi
1668 642 1800 689 adice

205 711 328 772 quod
375 711 578 758 sufficiat
621 724 674 756 ac
719 710 928 771 decoque
974 717 1021 757 et
1064 725 1199 757 mane
1244 725 1296 757 ac
1340 726 1535 773 vespere
1583 711 1798 758 cocliaria

202 780 312 827 inde
350 780 531 841 singula
568 782 741 842 accipe,
778 782 897 826 miro
936 781 1158 827 adversus
1194 786 1372 827 tussem
1415 783 1623 842 quamvis
1659 781 1799 828 mole-

204 857 322 897 stam
360 850 567 896 remedio
603 851 765 896 uteris.
1819 866 1859 896 10

345 919 414 965 Ad
445 926 624 966 tussem
654 925 932 966 nocturnam
963 925 1010 965 et
1040 919 1268 966 stomachi
1297 921 1696 966 confirmationem
1728 935 1798 966 re-

204 990 410 1036 medium
440 988 822 1050 probatissimum
853 990 940 1035 sic:
979 987 1163 1036 Caricas
1193 994 1291 1035 tres
1320 991 1650 1050 pinguissimas
1681 990 1799 1036 Afri-

205 1073 343 1105 canas
380 1059 530 1119 prima
567 1064 705 1105 nocte
742 1059 944 1119 accipies
981 1065 1157 1105 assatas
1195 1073 1337 1119 super
1375 1058 1616 1121 carboneS,
1652 1060 1715 1106 ita
1747 1065 1799 1106 ut

205 1128 400 1189 singulis
431 1129 598 1174 caricis
627 1129 807 1174 inseras
837 1129 1014 1189 piperis
1043 1141 1187 1189 grana
1217 1142 1395 1174 novena
1425 1127 1542 1174 lecta
1582 1134 1628 1174 et
1658 1127 1799 1192 pulei,

205 1198 329 1259 quod
374 1211 468 1243 non
514 1198 655 1243 suerit
699 1199 747 1242 in
791 1196 940 1260 fumo,
985 1196 1343 1260 aliquantulum3
1389 1197 1469 1243 sed
1515 1199 1692 1244 caricas
1730 1199 1797 1244 sic
1821 1212 1864 1243 15

203 1281 361 1314 assare
398 1266 555 1329 debes,
592 1281 651 1312 ne
682 1266 1020 1313 comburantur
1050 1268 1252 1328 penituS,
1291 1267 1371 1313 sed
1410 1273 1462 1313 ut
1491 1267 1798 1331 resolvantur,

203 1344 250 1383 et
288 1351 341 1383 ea
378 1336 514 1399 hora,
553 1351 643 1397 qua
680 1342 727 1382 te
764 1337 813 1382 in
850 1336 972 1382 lecto
1010 1338 1247 1398 posueris,
1292 1342 1392 1383 tum
1441 1351 1518 1382 eas
1556 1338 1714 1398 accipe
1753 1345 1800 1383 et

203 1406 426 1466 observa,
485 1420 543 1451 ne
597 1407 848 1466 quicquam
906 1412 1068 1466 postea
1126 1406 1333 1467 loquaris
1385 1412 1465 1452 aut
1518 1421 1798 1468 quemquam

202 1476 426 1538 appelles,
483 1481 733 1536 antequam
778 1475 1062 1538 addormias3
1121 1476 1209 1522 hoc
1262 1475 1514 1522 observans
1565 1490 1650 1538 per
1700 1482 1798 1522 tres

201 1551 365 1592 noctes
402 1545 558 1591 facieS.
1818 1561 1861 1591 20

342 1614 411 1661 Ad
449 1620 628 1661 tussem
658 1620 1047 1674 praesentaneum
1077 1613 1335 1660 remedium
1368 1616 1455 1661 sic:
1493 1613 1690 1660 Radices
1719 1628 1797 1661 ru-

201 1686 336 1731 micis
375 1685 582 1730 minutae
621 1685 736 1744 eius,
775 1698 892 1744 quae
926 1698 1011 1744 per
1048 1698 1261 1744 campum
1300 1697 1348 1729 se
1387 1685 1556 1730 sternit
1593 1690 1639 1730 et
1668 1698 1798 1730 mora

202 1754 294 1800 fert
330 1753 535 1813 parvula,
573 1753 761 1814 colliges
799 1755 899 1798 sine
938 1753 1063 1798 ferro
1102 1758 1148 1799 et
1185 1767 1346 1799 earum
1383 1753 1431 1799 P.
1462 1752 1525 1798 ΙΙΙ
1565 1754 1612 1799 in
1651 1768 1796 1814 aquae

201 1821 249 1869 5*
281 1822 366 1869 XX
402 1822 527 1869 lento
565 1824 673 1883 igne
714 1836 865 1883 usque
903 1822 960 1868 ad
990 1824 1152 1869 tertias
1184 1822 1440 1885 decoques;
1479 1822 1646 1868 deinde
1676 1823 1796 1869 radi-

201 1893 335 1939 cibus
367 1894 592 1954 separatis
615 1891 897 1953 ponderabis
927 1906 1094 1953 aquam
1126 1900 1172 1938 et
1197 1899 1420 1952 quantum
1445 1898 1656 1952 separata
1679 1906 1796 1953 aqua
1819 1906 1863 1938 25

200 1964 481 2024 pensaverit,
518 1967 700 2008 tantum
736 1962 887 2008 mellis
924 1961 1036 2007 boni
1073 1962 1337 2022 despumati
1370 1961 1627 2008 admiscere
1658 1961 1795 2008 debe—

199 2032 271 2078 bis
303 2038 349 2078 et
379 2046 545 2078 rursus
582 2038 837 2092 utrumque
877 2033 1071 2077 mixtum
1108 2038 1201 2077 tam
1234 2031 1313 2077 diu
1351 2031 1609 2094 decoques,
1647 2031 1795 2078 donec

199 2101 351 2148 mellis
382 2101 734 2162 spissitudinem
765 2100 954 2162 habeat,
986 2101 1154 2147 deinde
1177 2100 1455 2147 admiscebis
1478 2102 1655 2161 piperis
1679 2102 1795 2161 opti-

202 2173 260 2217 mi
300 2172 401 2217 triti
438 2177 664 2231 quantum
701 2172 919 2216 aestimes
956 2185 1094 2231 posse
1139 2171 1376 2233 sufficere,
1420 2176 1472 2216 ut
1517 2171 1616 2216 sine
1654 2169 1795 2216 mole-

200 2243 287 2287 stia
318 2242 590 2302 accipiatur,
621 2246 760 2301 atque
792 2255 847 2286 ex
879 2254 933 2286 eo
966 2240 1268 2286 medicamine
1298 2253 1433 2285 mane
1461 2245 1508 2285 et
1531 2254 1636 2285 sero
1661 2246 1793 2286 terna
1816 2253 1861 2283 ao

200 2310 415 2356 cocliaria
453 2324 624 2356 sumes.

340 2379 567 2426 Marrubii
603 2379 878 2425 fasciculum
918 2378 1089 2425 bonum
1126 2379 1173 2424 in
1213 2392 1357 2439 aquae
1400 2379 1565 2438 congio
1603 2377 1659 2423 ad
1696 2392 1791 2424 me-

199 2448 298 2494 dias
343 2449 553 2510 decoque
607 2456 653 2495 et
701 2463 756 2495 ex
807 2463 858 2494 ea
907 2463 1025 2510 aqua
1074 2448 1252 2494 adiecto
1304 2447 1454 2493 mellis
1506 2446 1792 2508 aliquantulo

197 2519 385 2565 ieiunus
431 2518 622 2565 cottidie
668 2517 875 2579 singulos
919 2517 1130 2579 cyathos,
1179 2517 1326 2564 donec
1373 2518 1546 2563 tussire
1591 2517 1793 2574 desinas,

312 2629 330 2664 1
366 2625 573 2677 decoque.
694 2622 827 2665 melle
857 2624 1008 2665 dicias.
1129 2628 1155 2665 4
1187 2622 1502 2665 terebintinam
1630 2626 1682 2664 19
1715 2621 1791 2663 ad-

198 2678 407 2732 dormias]
439 2679 692 2721 obdormias
725 2679 974 2722 Gornarius.
1076 2684 1126 2720 21
1159 2679 1320 2721 radicis
1429 2683 1497 2720 20⁴
1516 2678 1642 2720 bonis
1672 2679 1788 2731 (sic):

197 2735 354 2788 optimi
385 2735 634 2777 Cornarius.
752 2740 804 2777 32
834 2734 1104 2777 fascicolum.
