1898 3016
738 97 1079 147 -35-

112 224 364 271 efficaciter
407 225 572 285 capitis
616 224 837 271 dolorem.
905 224 1039 271 Porri
1085 227 1247 272 sectivi
1285 239 1448 273 sucum
1489 226 1702 274 cocliaria
1732 237 1784 275 59

112 295 199 342 dua
238 300 285 340 et
322 308 465 340 unum
504 293 655 340 mellis
686 296 913 355 permixta
945 296 1069 341 ituro
1100 294 1353 342 dormitum
1385 295 1456 342 vel
1485 298 1534 343 in
1565 311 1702 344 nares

110 363 181 410 vel
218 365 266 410 in
303 363 558 410 auriculam
596 363 806 424 tepidum
843 364 1051 426 infunde,
1090 366 1244 411 statim
1282 366 1504 426 proderit.
1565 366 1699 414 Polli·
1731 377 1784 415 60

109 447 215 480 nem
252 433 448 493 siliginis
486 433 689 479 admixto
720 436 793 480 ovi
825 433 926 480 albo
958 442 1004 481 et
1035 435 1272 495 quippiam
1305 434 1413 481 salis
1443 435 1699 483 confricato

65 516 86 547 5
108 511 155 550 et
174 503 316 550 fronti
338 502 521 548 inlinito
545 509 592 549 et
616 504 758 550 fascia
782 503 1079 566 superligato‚
1102 503 1312 551 mirabile
1338 510 1421 551 est.
1452 505 1699 568 Anethum‚
1730 517 1780 554 61

107 575 170 620 ita
214 580 265 620 ut
301 572 357 619 de
401 572 537 619 horto
583 572 830 619 collectum
878 574 1040 635 suerit,
1086 573 1366 636 decoquitur
1410 589 1465 621 ex
1513 574 1613 621 oleo
1651 581 1699 622 et

108 657 249 690 sucus
287 643 388 688 eius
426 643 567 702 capiti
603 642 879 689 infunditur.
941 643 988 689 Si
1021 643 1077 690 de
1110 645 1275 704 capitis
1305 643 1464 691 dolore
1495 644 1699 691 difficilis
1728 656 1781 694 62

107 726 298 759 somnus
336 713 410 774 sit,
448 711 735 773 amygdalino
768 711 867 758 oleo
899 719 1040 773 caput
1069 715 1269 774 perungi
1299 720 1499 774 oportet.
1560 714 1609 760 Si
1640 714 1697 761 de

107 781 201 828 sole
239 788 379 842 caput
416 781 588 843 doleat,
637 783 850 843 cupressi
888 781 995 828 folia
1033 784 1233 829 contrita
1271 797 1378 830 cum
1416 783 1602 844 polenta
1640 784 1696 831 de

42 866 83 897 10
105 851 278 898 hordeo
319 851 387 897 vel
425 850 676 913 amygdalis
714 857 761 898 et
797 865 910 898 suco
948 851 1215 912 portulacae
1246 852 1390 899 fronti
1420 852 1695 900 inlinuntur.

103 920 339 982 Magnetes
376 920 514 983 lapis,
551 923 633 982 qui
670 919 950 982 antiphyson
988 921 1182 985 dicitur,
1220 924 1301 983 qui
1339 922 1517 969 ferrum
1555 922 1696 970 trahit
1727 934 1778 972 63

104 998 150 1037 et
186 991 342 1051 abicit,
379 999 426 1037 et
462 997 700 1052 magnetes
738 991 867 1052 lapis,
905 993 985 1052 qui
1023 993 1296 1052 sanguinem
1328 993 1499 1039 emittit
1529 998 1576 1039 et
1607 993 1695 1039 fer-

103 1075 207 1107 rum
246 1061 301 1106 ad
341 1074 390 1107 se
428 1060 584 1118 trahit,
622 1060 739 1107 collo
777 1060 950 1122 alligati
988 1067 1068 1107 aut
1105 1063 1228 1107 circa
1267 1067 1406 1123 caput
1443 1061 1594 1108 dolori
1623 1075 1695 1109 ca-

103 1131 214 1191 pitis
259 1130 519 1176 medentur.
591 1130 849 1191 Expertum
888 1137 959 1177 est
997 1130 1111 1176 mihi
1149 1130 1355 1191 puleium
1393 1132 1441 1178 in
1480 1131 1581 1178 oleo
1619 1146 1694 1178 co·
1725 1143 1778 1179 64

39 1213 81 1245 ιε.
105 1213 249 1260 quere
287 1214 435 1260 eoque
476 1200 676 1246 frontem
714 1206 760 1246 et
802 1206 1010 1260 tempora
1047 1207 1094 1246 et
1131 1200 1378 1247 cerebrum
1415 1214 1694 1262 perungere.

104 1268 321 1315 Glebulas
352 1269 408 1315 de
439 1269 596 1315 limine
627 1269 699 1316 vel
728 1271 830 1330 ipso
862 1270 1050 1316 cardine
1082 1283 1237 1316 erasas
1269 1284 1376 1317 cum
1401 1277 1530 1317 aceto
1556 1269 1695 1317 simul
1725 1280 1777 1319 65

103 1340 333 1400 permisce
372 1353 520 1400 eoque
556 1338 654 1385 luto
693 1339 892 1385 frontem
930 1339 1095 1401 inline,
1141 1353 1232 1400 quo
1271 1346 1411 1400 caput
1448 1340 1694 1386 confestim

104 1410 377 1469 gravissimo
421 1408 580 1454 dolore
624 1407 865 1455 relevabis.
945 1408 1091 1455 Terra
1136 1409 1236 1455 viva
1280 1410 1328 1455 in
1374 1423 1511 1456 ovum
1556 1411 1692 1456 inane
1724 1420 1776 1459 66

104 1479 314 1524 coniecta
357 1483 403 1524 et
442 1477 529 1524 sub
559 1477 731 1524 lectum
769 1478 825 1524 ad
863 1484 1003 1539 caput
1039 1477 1278 1525 conlocata
1322 1481 1458 1525 unice
1487 1479 1692 1540 prodest.

38 1546 200 1593 sonno
247 1547 352 1593 folia
389 1547 508 1593 lauri
551 1549 828 1594 circumcisa
872 1546 1148 1594 rotundabis
1195 1549 1444 1609 resinaque
1488 1547 1692 1595 terebin-
1723 1560 1774 1598 67

101 1617 228 1663 thina
266 1616 518 1677 glutinabis
556 1624 603 1663 et
639 1618 854 1678 utrisque
890 1616 1183 1678 temporibus
1221 1617 1415 1681 adfiges,
1459 1619 1550 1664 nisi
1587 1618 1690 1664 red-

101 1686 195 1733 dita
240 1688 434 1733 sanitate
480 1700 574 1733 non
618 1686 848 1733 decident.
913 1686 1228 1734 Hirundinum
1272 1686 1389 1748 pulli
1424 1686 1605 1749 lapillos
1642 1689 1690 1734 in
1722 1698 1773 1736 68

101 1755 372 1802 ventriculis
410 1755 580 1802 habere
618 1764 920 1818 consuerunt,
959 1770 1014 1803 ex
1053 1755 1224 1817 quibus
1259 1758 1340 1818 qui
1370 1756 1463 1803 albi
1493 1759 1690 1804 maxime

101 1825 288 1886 suerint,
319 1827 358 1871 si
387 1827 436 1871 in
467 1839 606 1872 manu
637 1827 776 1872 etiam
806 1825 978 1887 singuli
1007 1832 1256 1873 teneantur
1286 1832 1366 1872 aut
1396 1828 1520 1873 circa
1551 1832 1692 1888 caput

37 1907 78 1939 25
99 1894 194 1941 lino
232 1901 492 1955 nectantur,
530 1897 804 1941 veterrimos
843 1902 888 1942 et
925 1895 1132 1942 diutinos
1170 1897 1336 1957 capitis
1373 1895 1582 1943 mulcent
1611 1896 1690 1943 do-

99 1963 243 2026 lores,
289 1966 378 2011 nisi
423 1970 639 2011 contactu
685 1972 837 2014 terrae
882 1964 1143 2026 lapillorum
1186 1967 1392 2026 potentia
1439 1967 1689 2013 minuatur.

100 2033 310 2081 Cornicis
363 2033 609 2081 cerebrum
662 2041 846 2081 coctum
896 2041 943 2081 et
994 2034 1097 2081 cibo
1149 2041 1387 2095 sumptum
1434 2049 1598 2096 graves
1642 2041 1689 2082 et
1719 2045 1771 2084 69

97 2105 378 2150 inveteratos
417 2103 601 2150 dolores
638 2105 803 2165 capitis
842 2104 1010 2151 effectu
1047 2103 1248 2151 mirabili
1278 2103 1419 2165 pellit.
1479 2104 1688 2152 Vulturis
1719 2115 1772 2153 70

99 2172 292 2220 cerebro
337 2172 576 2235 paululum
621 2174 750 2220 cedri
794 2175 834 2220 si
877 2175 1174 2220 inmiscueris
1219 2180 1265 2220 et
1301 2187 1437 2220 nares
1474 2174 1583 2220 inde
1619 2176 1688 2221 in-

37 2255 77 2286 eo
98 2245 330 2290 trinsecus
353 2249 585 2304 caputque
601 2243 921 2306 pei-fricueris,
940 2257 1100 2289 omnes
1118 2242 1302 2290 dolores
1318 2245 1474 2290 statim
1490 2245 1686 2291 minues,

98 2311 167 2358 Ex
212 2327 503 2374 quacumque
552 2327 691 2360 causa
736 2313 1033 2375 gravedinem
1081 2314 1246 2374 capitis
1290 2319 1522 2375 exortam,
1569 2327 1686 2375 quae
1718 2323 1769 2361 71

100 2384 475 2443 intempestivum
525 2385 729 2430 concitet
773 2381 1008 2445 somnum,
1054 2384 1153 2429 sine
1193 2382 1352 2429 dolore
1390 2382 1602 2446 discutit,
1648 2385 1687 2429 si

101 2452 205 2512 quis
255 2453 534 2513 inpetigines
586 2454 635 2499 in
678 2454 797 2499 asini
841 2451 1059 2499 cruribus
1103 2452 1378 2499 naturaliter
1425 2458 1556 2499 natas
1608 2452 1685 2499 de-

99 2520 251 2568 trahat
288 2536 457 2583 easque
495 2523 544 2568 in
581 2522 767 2569 scobem
806 2522 1044 2568 delimatas
1088 2523 1283 2569 inmixto
1327 2527 1457 2569 aceto
1495 2521 1687 2569 naribus

213 2633 232 2668 1
266 2626 472 2670 cocliaria.
494 2633 569 2670 Im
599 2628 814 2671 coclearia
837 2633 931 2671 2m.
1018 2633 1043 2670 2
1075 2629 1162 2670 dua,
1188 2633 1260 2670 lm
1284 2629 1370 2671 duo
1393 2633 1479 2671 2m.
1569 2634 1592 2671 6
1617 2641 1685 2671 or-

98 2684 205 2724 tum.
295 2687 346 2724 10
375 2685 618 2737 porcaclae.
716 2689 764 2725 11
794 2683 1020 2728 antefison.
1104 2687 1154 2725 18
1178 2684 1404 2727 relevabit.
1480 2689 1531 2726 19
1553 2683 1685 2726 lectu.

100 2742 149 2779 21
188 2737 463 2792 gluttinabis.
579 2745 630 2781 22
661 2739 967 2782 herundinum.
1082 2744 1134 2782 29
1165 2739 1404 2794 paulolum.

1375 2808 1432 2851 3*
