1930 3008
740 149 1117 199 —379-

24 284 50 340 33?
127 292 221 324 non
259 283 305 324 et
342 277 469 324 radix
510 278 774 324 cucumeris
819 278 1007 324 erratici
1051 291 1106 323 ex
1152 283 1283 323 aceto
1329 281 1460 322 cocta
1499 283 1545 322 et
1580 275 1718 336 poda-

34 343 46 398 ‘j
127 362 237 409 grae
274 348 487 408 imposita
527 348 775 394 succurrit.

22 405 47 475 ,Ξ
266 416 420 478 Potio,
472 431 589 478 quae
634 418 674 462 si
718 430 838 463 anno
882 418 1065 477 integro
1112 416 1254 462 fuerit
1297 420 1472 476 potata,
1516 414 1718 476 podagra

24 476 44 550 ἑ
127 486 294 534 liberat
323 486 600 548 laborantes,
637 488 934 547 componitur
972 488 1059 533 sic:
1098 485 1438 546 Chamaedryos
1468 484 1516 530 P.
1547 483 1580 546 I,
1612 499 1719 531 cen-

86 573 106 605 5
128 558 279 604 taurei
316 558 478 603 uncias
508 555 583 618 111,
620 556 909 604 aristolociae
948 555 1174 602 rotundae
1206 556 1367 602 uncias
1397 553 1472 615 111,
1511 554 1719 600 stoecha-

32 627 42 695 ζ
128 626 212 673 dos
242 628 404 673 uncias
435 626 510 689 111,
549 627 722 686 agarici
756 651 811 659 —-—
848 626 881 688 I,
913 627 1071 687 cyperi
1102 626 1292 672 seminis
1327 651 1385 657 —-
1420 623 1483 670 III
1516 623 1561 686 S,
1596 623 1721 670 aloes

23 700 45 762 ᾗ,
132 721 190 728 -
225 696 288 742 ΙΙΙ
321 695 365 742 S.
433 694 556 742 Haec
600 695 805 756 pondera
851 696 1138 756 singularum
1177 709 1334 741 rerum
1374 701 1509 740 tunsa
1548 700 1595 740 et
1632 695 1720 741 cri-

32 813 41 835 fl
127 766 259 812 brata
304 765 503 826 adpendi
548 771 733 826 oportet
778 774 824 811 et
868 765 1018 812 mellis
1058 766 1201 811 Attici
1244 765 1377 810 libris
1408 763 1465 809 VI
1509 778 1719 824 compre-

22 832 42 907 ᾗξ
126 835 281 882 hendi
356 835 566 881 Sumitur
617 840 772 881 autem
824 834 938 881 haec
985 836 1114 895 potio
1159 849 1183 880 a
1228 836 1385 881 ieiuno
1431 840 1478 880 et
1521 835 1720 880 maxime

23 912 42 981 ζ
66 923 106 953 ιο
129 905 324 966 digesto,
354 918 574 950 mensura
605 906 705 950 eius
737 910 810 950 est
839 906 1048 964 argentei
1079 903 1273 965 scripuli
1299 904 1504 966 pondus3
1541 903 1721 950 bibitur

22 958 42 1038 3}
129 990 184 1021 ex
230 974 381 1021 tribus
423 973 599 1035 cyathis
637 988 782 1035 aquae
821 973 994 1020 calidae
1034 981 1079 1020 et
1117 975 1156 1020 si
1193 988 1287 1019 non
1324 975 1584 1020 continuati
1621 973 1720 1019 dies

128 1045 304 1091 suerint
341 1046 387 1090 in
426 1043 693 1104 accipienda
731 1046 934 1105 potione,
973 1045 1083 1090 anni
1118 1051 1274 1090 tamen
1312 1045 1514 1105 spatium
1546 1044 1594 1088 in
1627 1042 1720 1089 die-

23 1081 42 1172 ξ
127 1129 230 1161 rum
270 1127 465 1161 numero
505 1112 788 1174 suppleatur.

22 1173 42 1244 ξ
267 1183 350 1230 Fel
398 1184 499 1244 ap1i
542 1197 650 1229 cum
695 1197 803 1229 sevo
850 1181 1058 1243 quolibet
1102 1184 1306 1243 positum
1352 1184 1526 1243 optime
1571 1182 1720 1243 placat

32 1270 104 1301 15
125 1253 377 1315 podagram
415 1254 463 1298 in
500 1266 736 1312 praesens.

266 1322 463 1369 Carmen
500 1321 755 1384 idioticum,
793 1321 918 1382 quod
955 1320 1102 1367 lenire
1132 1321 1383 1382 podagram
1415 1321 1600 1384 dicitur,
1639 1323 1719 1368 sic.

126 1393 178 1440 In
221 1406 387 1439 manus
433 1399 536 1438 tuas
582 1406 802 1453 exspues,
847 1398 1094 1451 antequam
1139 1405 1164 1437 a
1209 1390 1328 1437 lecto
1374 1398 1546 1438 terram
1585 1405 1719 1438 mane

126 1464 382 1523 contingas,
422 1468 468 1507 et
505 1475 529 1507 a
568 1463 761 1508 summis
800 1460 903 1507 talis
941 1468 987 1507 et
1022 1460 1192 1521 plantis
1231 1475 1380 1521 usque
1418 1461 1473 1507 ad
1514 1475 1720 1508 summos

32 1589 36 1597 .
125 1533 294 1593 digitos
348 1545 510 1578 manus
562 1530 705 1577 duces
750 1537 797 1577 et
841 1530 989 1577 dices:
1050 1530 1197 1592 Fuge,
1251 1531 1380 1593 suge,
1424 1530 1627 1592 podagra
1675 1536 1722 1577 et

62 1618 103 1650 20
127 1603 278 1649 omnis
315 1614 566 1647 nervorum
605 1599 736 1646 dolor
774 1600 830 1646 de
869 1599 1066 1660 pedibus
1106 1602 1221 1646 meis
1253 1606 1299 1646 et
1330 1600 1547 1646 omnibus
1578 1615 1721 1646 mem·

23 1676 38 1702 “³
126 1673 225 1719 bris
256 1672 386 1733 meis,
426 1677 505 1716 aut
536 1671 575 1716 si
606 1670 682 1715 alii
712 1676 999 1731 praecantas,
1040 1670 1167 1716 dices
1198 1669 1338 1732 illius,
1370 1684 1507 1731 quem
1538 1672 1723 1732 peperit

32 1747 35 1755 ‘
79 1739 87 1746 ⁶
126 1742 215 1790 illa.
288 1740 527 1787 Venenum
573 1754 751 1786 veneno
796 1741 1020 1801 vincitur,
1072 1739 1211 1785 saliva
1259 1741 1414 1787 ieiuna
1459 1741 1583 1786 vinci
1628 1754 1722 1786 non

127 1817 296 1874 potest.
361 1809 454 1856 Ter
498 1809 624 1856 dices
669 1809 783 1856 haec
829 1817 875 1855 et
917 1809 974 1855 ad
1019 1809 1225 1869 singulas
1272 1809 1452 1871 plantas
1500 1816 1604 1856 tuas
1651 1809 1723 1856 vel

31 1865 40 1943 l·
127 1883 265 1943 illius,
303 1881 381 1926 cui
416 1878 679 1939 medebere,
718 1893 871 1939 spues.

31 1948 37 2002 3
65 1966 105 1998 25
268 1949 542 1995 Remedium
581 1948 636 1994 ad
668 1948 917 2009 podagram
949 1950 1036 1995 sic:
1075 1948 1226 1994 Lanae
1258 1948 1444 1994 sucidae
1476 1963 1570 1995 non
1600 1947 1720 1995 lotae

127 2021 176 2067 P.
206 2019 247 2082 I,
291 2020 386 2065 vini
430 2019 599 2064 veteris
644 2017 716 2064 vel
759 2019 943 2064 Aminei
980 2016 1027 2063 8
1058 2017 1120 2079 ΙΙ,
1165 2018 1255 2064 olei
1300 2018 1564 2079 omphacini
1607 2016 1721 2080 81,

129 2090 389 2152 aphronitri
427 2089 687 2134 communis
718 2087 766 2134 P.
797 2088 829 2133 I.
889 2088 1059 2134 Lanam
1098 2087 1317 2134 infundes
1354 2089 1402 2133 in
1442 2089 1599 2134 vinum
1636 2102 1721 2149 per

129 2160 358 2220 triduum,
403 2158 570 2204 dehinc
615 2158 848 2218 exprimes
889 2157 1038 2203 lanam
1076 2157 1375 2203 vehementer
1414 2166 1460 2204 et
1497 2158 1722 2204 admisce-

130 2229 203 2276 bis
240 2230 362 2291 vino,
406 2227 529 2288 quod
569 2229 870 2289 expresseris,
912 2227 1236 2287 aphronitrum
1274 2229 1457 2289 tritum,
1495 2227 1636 2274 addes
1675 2233 1722 2273 et

67 2315 109 2345 30
133 2299 283 2346 oleum
323 2304 370 2344 et
408 2299 474 2343 sic
511 2297 730 2343 miscebis
768 2298 920 2342 omnia
960 2304 1007 2342 et
1043 2298 1091 2342 in
1129 2312 1207 2343 vas
1244 2298 1444 2343 vitreum
1482 2299 1638 2343 mittes
1677 2304 1724 2343 et

133 2367 352 2415 servabis.
419 2366 535 2413 Cum
574 2375 727 2413 autem
768 2381 884 2427 opus
923 2366 1065 2412 fuerit
1100 2366 1411 2428 medicamen,
1450 2381 1618 2428 panem
1654 2368 1722 2412 in-

133 2438 300 2484 fundes
338 2439 385 2483 in
422 2438 582 2482 vinum
620 2444 753 2482 vetus
791 2435 861 2481 vel
899 2436 1157 2499 Amineum,
1197 2438 1276 2498 qui
1314 2451 1420 2483 cum
1458 2436 1577 2482 bene
1611 2435 1723 2482 mol·

132 2508 244 2554 litus
282 2507 443 2569 fuerit,
488 2506 818 2567 exprimendus
856 2508 945 2552 erit
983 2514 1028 2552 et
1064 2506 1288 2552 terendus
1326 2509 1373 2552 in
1411 2507 1632 2552 mortario
1670 2520 1723 2552 ac

277 2631 300 2667 3
331 2625 478 2680 Potio]
522 2625 722 2667 Eandem
758 2626 1099 2680 compositionem
1135 2626 1258 2667 habet
1295 2625 1413 2667 Ptin.
1451 2626 1502 2668 de
1537 2639 1582 2668 re
1617 2626 1722 2668 med.

134 2683 187 2734 ΙΙ,
218 2687 271 2723 26
303 2695 349 2735 p.
390 2686 441 2723 70
472 2682 533 2723 ed.
564 2681 666 2723 Ros.
782 2688 806 2723 5
837 2681 1144 2723 aristolochiae
1176 2681 1427 2723 Cornarius.
1543 2687 1567 2723 8
1598 2681 1724 2723 librls

132 2739 310 2791 scripsi.-
341 2737 475 2778 libras
507 2737 757 2779 Commius.
842 2741 892 2778 10
924 2736 1122 2791 scripuli]
1154 2737 1324 2778 denarii
1356 2738 1476 2779 Plin.
1550 2742 1603 2779 26
1635 2750 1725 2778 am-

130 2793 271 2835 minei
304 2792 552 2836 Gornarius.
667 2797 718 2834 32
750 2792 1016 2835 ammineum
1048 2792 1300 2836 Gornarius.

1751 426 1804 464 68

1751 1193 1803 1231 69

1752 1333 1805 1371 70

1753 1960 1804 1998 71
