1898 3016
803 106 1221 157 —82—‘

170 243 356 284 vetusto
409 236 483 282 vel
533 235 811 297 pedunculis
865 249 1026 281 exesas
1083 234 1343 281 remedium
1391 249 1616 296 praesens
1666 235 1769 281 bar-

172 307 382 354 baricum
421 306 633 367 quidem,
679 306 758 352 sed
797 304 957 351 multis
994 304 1262 365 probatum:
1309 303 1618 351 Scarabaeum
1656 305 1768 366 pilo-

174 391 303 439 sum,
342 378 424 438 qui
461 376 624 422 similis
671 381 742 422 est
781 374 1030 422 scarabaeo
1076 389 1206 437 vero,
1250 375 1300 419 in
1345 374 1535 436 sepibus
1571 376 1768 421 vetustis

173 447 396 507 lapidosis
448 452 527 492 aut
574 448 624 492 in
676 446 862 491 fossatis
912 446 1093 505 sepium
1145 445 1381 507 requires,
1426 446 1506 504 qui
1558 446 1770 491 cutiones

177 523 287 563 sunt
346 516 500 563 colore
558 514 855 577 pseudossavo
913 516 1046 575 quasi
1104 513 1290 560 leonino
1351 513 1489 574 pilosi
1546 513 1768 560 lucentes.
1794 527 1814 558 5

176 587 294 633 Ante
333 601 443 646 ergo
476 600 614 646 quam
644 584 774 630 illum
806 586 1041 630 cntionem
1071 583 1219 646 tollas,
1251 583 1413 630 folium
1443 583 1590 630 caulis
1620 584 1771 644 primo

177 671 310 703 mane
349 670 456 702 cum
495 669 579 702 suo
610 654 708 700 sibi
738 669 844 700 rore
877 653 947 700 vel
979 659 1109 714 gutta
1140 653 1360 700 conclusa
1389 655 1438 699 in
1469 653 1633 699 eodem
1663 652 1772 699 folio

177 732 412 787 teneatur,
452 731 515 786 ut,
553 724 634 771 ubi
672 726 907 770 cntionem
944 723 1076 770 illum
1111 725 1346 770 inveneris
1388 723 1639 784 digitisque
1677 723 1772 783 pol-

176 796 264 842 lice
310 802 355 842 et
400 794 663 841 medicinali
708 794 1094 855 adprehenderis,
1141 793 1387 840 confestim
1433 807 1574 853 supra
1611 792 1771 839 folium

176 866 292 912 illud
330 866 476 912 caulis
514 872 687 926 teneas,
726 870 779 910 ut
816 878 957 924 supra
995 870 1172 924 guttam
1211 863 1334 909 illam
1370 862 1536 909 lotium
1567 864 1668 909 eius
1698 877 1772 909 ex·
1797 876 1838 906 10

178 938 343 998 cipias,
386 937 492 996 quia
530 934 611 981 ubi
649 949 789 980 manu
827 933 1147 995 adprehensus
1187 933 1349 995 fuerit,
1387 935 1541 979 statim
1580 947 1629 979 se
1668 932 1773 979 sub-

177 1008 319 1052 meiit.
382 1003 728 1051 Providendum
767 1018 891 1066 erg0,
930 1010 983 1050 ut
1019 1003 1223 1049 velocius
1269 1017 1410 1063 supra
1454 1002 1617 1049 folium
1660 1002 1773 1048 illud

180 1075 324 1123 caulis
355 1081 569 1136 ponatur,
607 1089 666 1120 ne
696 1074 860 1120 lotium
892 1075 1008 1135 eiuS,
1039 1073 1163 1133 quod
1195 1074 1286 1119 cito
1318 1072 1526 1134 effundit,
1564 1071 1674 1118 alibi
1700 1085 1774 1118 ex-

180 1145 324 1207 cidat3
370 1145 494 1206 quod
539 1145 840 1190 commixtum
887 1157 993 1190 cum
1038 1142 1116 1188 illo
1158 1157 1264 1188 rore
1304 1141 1451 1188 caulis
1489 1156 1574 1203 per
1611 1141 1774 1202 specil-

178 1215 275 1261 lum
307 1214 540 1276 palpebris
571 1215 768 1275 inpones
800 1218 847 1259 et
883 1213 983 1259 loca
1021 1212 1183 1258 scabra
1220 1212 1292 1258 vel
1330 1226 1468 1258 exesa
1504 1213 1628 1258 inter
1657 1211 1776 1272 pilos
1799 1224 1839 1255 15

179 1299 429 1346 perunges,
468 1284 684 1330 effectum
723 1284 793 1328 rei
830 1284 922 1329 cito
960 1282 1220 1328 miraberis
1285 1280 1419 1335 Quod
1457 1283 1498 1327 si
1535 1296 1645 1327 casu
1682 1295 1775 1328 uno

179 1357 228 1401 in
272 1354 374 1400 loco
421 1353 491 1399 vel
537 1355 585 1399 in
631 1353 827 1399 diversis
881 1352 1041 1413 plures
1094 1353 1209 1398 istos
1263 1353 1476 1398 cutiones
1527 1352 1776 1414 inveneris,

180 1426 389 1471 omnium
433 1424 598 1470 lotium
642 1423 715 1469 vel
759 1437 993 1485 umorem,
1039 1421 1429 1483 quemadmodum
1468 1421 1690 1483 diximus,
1727 1422 1774 1467 in

180 1494 288 1540 folio
335 1494 480 1540 caulis
525 1493 672 1540 umidi
717 1495 870 1539 statim
918 1493 974 1538 de
1018 1492 1155 1538 horto
1203 1492 1444 1552 suscipere
1493 1490 1685 1537 debebis
1731 1495 1778 1536 et

181 1564 374 1610 adiectis
413 1565 558 1624 guttis
596 1562 793 1609 aliorum
832 1563 888 1608 de
921 1562 1050 1608 caule
1082 1562 1298 1608 soliorum
1329 1563 1378 1607 in
1408 1561 1594 1607 vasculo
1629 1562 1775 1607 vitreo
1799 1573 1840 1603 20

180 1634 459 1695 recondere,
504 1640 558 1679 ut
602 1647 709 1679 cum
754 1647 870 1692 opus
911 1632 1054 1678 fuerit
1090 1637 1276 1693 praesto
1314 1630 1507 1693 habeas,
1545 1628 1654 1691 quia
1692 1630 1776 1677 dif-

99 1703 373 1751 129ficulter
416 1702 686 1750 huiusmodi
731 1702 952 1748 bestiolae
1002 1703 1319 1748 inveniuntur.
1391 1700 1460 1747 Ad
1512 1700 1777 1761 albuginem

182 1773 424 1820 oculorum
450 1773 781 1834 detergendam
806 1772 966 1818 efficax
992 1771 1080 1818 hoc
1104 1771 1386 1817 remedium:
1411 1769 1605 1831 Vulpem
1629 1772 1777 1816 vivam

182 1845 338 1905 capies
377 1845 512 1904 eique
551 1842 756 1904 linguam
800 1842 1043 1903 praecides
1081 1843 1324 1902 ipsamque
1362 1842 1509 1886 vivam
1557 1840 1778 1900 dimittes,

181 1913 385 1974 linguam
433 1919 588 1959 autem
628 1914 728 1959 eius
774 1912 1022 1958 arefactam
1067 1911 1314 1973 phoenicio
1359 1909 1524 1971 ligabis
1570 1917 1616 1956 et
1660 1909 1778 1956 collo
1802 1922 1842 1953 25

99 1993 178 2030 130
190 1985 306 2046 eius,
331 1985 411 2044 qui
435 1982 700 2043 albuginem
724 1984 943 2044 patietur,
968 1981 1239 2041 suspendes
1278 1979 1460 2026 Herbae
1484 1979 1778 2041 symphonia-

183 2068 265 2100 cae
303 2052 545 2099 surculum
583 2052 700 2099 collo
741 2054 856 2115 eius,
895 2053 975 2113 qui
1017 2051 1281 2111 albuginem
1318 2051 1508 2111 patitur,
1545 2049 1640 2095 lino
1678 2063 1778 2096 sus-

148 2123 373 2186 tpendes,
412 2125 476 2168 ita
514 2130 565 2169 ut
602 2137 687 2183 per
725 2122 824 2168 dies
862 2123 1053 2182 triginta
1090 2121 1184 2167 illic
1222 2122 1302 2167 sit:
1341 2126 1512 2180 quanto
1544 2120 1781 2166 recentior

100 2193 359 2254 131albugo
399 2194 563 2255 fuerit,
608 2199 734 2238 tanto
781 2193 920 2238 citius
967 2190 1217 2237 sanabitur.
1283 2189 1612 2235 Rosmarinum
1657 2203 1778 2236 com-

183 2263 300 2310 bure
347 2270 393 2310 et
436 2262 677 2323 pulverem
726 2263 827 2308 eius
874 2276 979 2308 cum
1023 2260 1158 2307 melle
1196 2259 1348 2306 Attico
1394 2259 1642 2319 diligenter
1677 2264 1777 2305 tere
1801 2273 1842 2303 30

184 2347 236 2379 ac
281 2334 514 2394 permisce
560 2339 697 2393 atque
743 2332 851 2378 inde
898 2333 1093 2392 inunge,
1139 2330 1383 2376 confestim
1428 2328 1676 2375 subvenies
1721 2330 1778 2391 ei,

103 2404 276 2464 132qui
321 2402 586 2463 albuginem
634 2403 820 2462 patitur.
891 2400 1063 2446 Fabam
1107 2400 1300 2446 fractam
1351 2405 1595 2460 purgatam
1640 2404 1778 2459 atque

184 2478 337 2519 ustam
375 2472 431 2518 ad
470 2486 697 2518 summam
727 2471 960 2518 levitatem
999 2476 1124 2516 teres
1156 2474 1202 2515 et
1233 2468 1392 2515 oculos
1422 2468 1531 2514 inde
1562 2468 1777 2529 albugine

185 2548 438 2602 occupatos
469 2542 663 2588 adsidue
695 2556 751 2587 ex
782 2555 898 2602 aqua
931 2539 1243 2600 circumlineS,
1284 2540 1402 2584 miro
1433 2538 1639 2584 remedio
1672 2537 1777 2584 sub-

105 2613 365 2660 133venieS.
438 2611 587 2657 Piscis
631 2612 801 2657 marini
844 2609 970 2672 felle,
1024 2611 1103 2670 qui
1155 2610 1363 2669 scorpios
1410 2608 1602 2671 dicitur,
1654 2607 1776 2654 oculi
1800 2618 1840 2651 35

191 2683 374 2727 inuncti
411 2680 606 2740 caligine
645 2688 784 2742 atque
818 2679 1032 2740 albugine
1064 2680 1272 2739 quamvis
1304 2693 1459 2725 crassa
1490 2680 1582 2725 cito
1613 2677 1776 2724 libera·

103 2750 385 2799 134buntur.
460 2749 659 2811 Sanguis
703 2749 1023 2797 columbarum
1068 2748 1123 2794 de
1165 2748 1265 2794 loco
1304 2751 1550 2810 pinnarum
1590 2762 1644 2794 eo
1683 2762 1776 2793 mo·
