1930 3008
775 63 1153 114 —283—

167 199 267 240 tere
325 197 371 238 et
429 190 711 253 dysinterico
771 205 856 252 per
911 192 1074 238 uncias
1127 190 1331 251 singulas
1383 190 1549 238 diebus
1603 192 1758 252 singu-

166 262 222 310 lis
261 260 406 308 dabis.

306 329 537 378 Coliculos
582 344 638 376 ex
683 336 813 378 aceto
858 307 1037 392 coctos,
1082 329 1158 376 alii
1199 331 1352 391 spicas
1391 335 1612 391 quattuor
1649 343 1758 390 pur·
1790 337 1843 374 53

164 407 313 464 gatas‚
357 414 441 446 ova
485 402 667 446 incocta
710 395 802 447 duo
855 399 993 446 simul
1037 405 1228 447 contere
1275 406 1321 446 et
1365 399 1494 447 adice
1542 401 1635 445 vini
1683 413 1757 445 ve-

123 473 280 518 steris
325 470 558 516 heminam
603 478 650 516 et
693 470 995 516 fervefactum
1038 469 1327 516 medicamen
1371 469 1656 530 dysinterico
1702 467 1759 514 da

165 540 432 587 bibendum.

304 609 467 656 FIcum
512 607 746 668 duplicem
790 614 838 654 et
881 607 1078 668 palmam
1123 609 1477 688 pinguissimam
1519 622 1626 654 cum
1664 608 1759 653 vini
1790 616 1843 653 54

164 680 337 726 veteris
374 678 560 724 hemina
598 677 653 722 ad
691 679 853 723 tertias
891 678 1100 738 decoque
1139 685 1185 725 et
1220 678 1397 738 piperis
1435 676 1527 723 albi
1564 679 1664 723 triti
1694 678 1757 723 vi-

164 749 282 810 ginti
325 761 466 808 grana
512 745 715 792 admisce
768 752 814 792 et
857 747 1066 807 tepidum
1118 747 1402 808 dysinterico
1455 748 1588 807 potui
1637 747 1758 793 dato.

102 829 143 859 ιο
166 817 352 863 Vestem
398 817 471 863 ovi
519 815 761 862 delicatam
806 817 1079 862 interiorem
1124 818 1342 863 siccatam
1387 822 1599 878 contere,
1651 817 1758 862 vino
1789 824 1842 862 55

164 888 309 933 misce
348 891 395 932 et
431 884 531 932 cola
568 892 616 932 et
652 899 708 931 ex
746 899 863 946 aqua
901 884 1048 931 calida
1086 885 1370 947 dysinterico
1409 885 1464 931 da
1496 885 1758 931 bibendam.

163 956 255 1002 Lac
293 968 552 1016 caprunum
583 954 782 1018 fervens,
819 954 999 1001 adiecto
1037 954 1250 1016 polentae
1286 961 1510 1015 quantum
1542 955 1654 1000 satis
1686 955 1759 1015 sit,
1790 964 1844 1003 56

164 1039 273 1073 cum
303 1026 445 1071 fuerit
467 1025 602 1084 quasi
627 1026 784 1070 tenuis
806 1024 1045 1086 pulticula,
1069 1024 1200 1071 dabis
1225 1026 1303 1071 cui
1326 1039 1467 1085 supra
1489 1023 1759 1070 bibendum.

305 1093 558 1155 Coagulum
596 1093 859 1154 leporinum
897 1109 953 1140 ex
992 1095 1097 1149 vino
1136 1093 1336 1140 dilutum
1367 1093 1575 1155 tepidum
1607 1094 1759 1154 dysin·
1790 1104 1843 1141 57

102 1174 144 1206 15
167 1165 315 1212 terico
354 1164 410 1210 da
447 1162 716 1224 bibendum,
755 1163 811 1209 de
851 1178 942 1224 quo
980 1163 1172 1224 coagulo
1212 1166 1251 1209 si
1288 1162 1496 1223 singulos
1528 1162 1759 1223 scripulos

163 1237 213 1281 in
244 1233 440 1294 singulis
470 1234 570 1279 ovis
602 1231 853 1279 sorbilibus
883 1234 1041 1279 ieiuno
1073 1247 1156 1294 per
1179 1232 1387 1279 triduum
1411 1232 1610 1294 dederis,
1640 1233 1758 1278 mire

165 1303 426 1351 subvenies.
484 1301 591 1348 Vini
626 1303 798 1348 veteris
835 1303 988 1348 faeces
1019 1308 1066 1348 et
1095 1303 1315 1348 iocineris
1347 1303 1526 1362 caprini
1556 1302 1759 1349 frustum
1789 1312 1842 1350 58

164 1373 403 1420 sufficiens
439 1374 489 1418 in
527 1371 662 1417 ollam
700 1371 866 1418 rudem
895 1373 1028 1418 mitte
1060 1377 1106 1418 et
1136 1371 1289 1434 facito,
1326 1378 1379 1418 ut
1411 1370 1589 1435 bulliat,
1619 1377 1757 1432 atque

163 1443 273 1489 inde
310 1443 467 1488 ieiuno
505 1441 678 1502 cyliaco
716 1442 1006 1487 sufficienter
1043 1441 1099 1487 da
1137 1440 1311 1487 bibere.

101 1521 142 1554 20
303 1510 481 1558 Bulbus
518 1510 764 1557 Africanus
809 1510 1102 1557 rubicundus
1148 1511 1381 1557 contritus
1419 1510 1599 1557 adiecto
1637 1512 1758 1572 vinc,
1790 1521 1842 1558 59

165 1580 288 1643 quod
327 1580 451 1627 ferro
490 1580 607 1626 duro
643 1580 860 1626 candenti
891 1579 1082 1642 calefiat,
1118 1582 1251 1640 potui
1282 1579 1417 1626 datus
1448 1580 1634 1641 cyliacis
1664 1595 1758 1626 me-

164 1651 314 1698 detur.
380 1649 655 1696 Palumbum
700 1650 852 1696 ferum
897 1664 952 1695 ex
997 1664 1134 1710 passo
1180 1663 1420 1710 concoque
1466 1655 1605 1710 atque
1649 1650 1758 1696 inde
1791 1661 1844 1698 60

163 1721 379 1782 potiones
424 1718 629 1779 singulas
674 1718 848 1780 cyliaco
885 1733 971 1780 per
1014 1719 1224 1765 triduum
1269 1719 1327 1765 da
1377 1718 1617 1766 bibendas.
1689 1719 1759 1765 Ad
1791 1730 1842 1768 61

166 1789 366 1850 cyliacos
415 1788 561 1834 herba
612 1787 827 1848 plantago
879 1794 927 1834 et
973 1788 1199 1835 lentiscus
1245 1790 1495 1848 separatim
1541 1803 1597 1835 ex
1641 1802 1759 1849 aqua

103 1867 143 1899 25
167 1863 457 1920 coquuntur,
498 1862 658 1918 postea
694 1859 743 1903 in
779 1871 925 1904 unum
962 1859 1307 1918 permiscentur
1345 1864 1391 1904 et
1427 1863 1541 1904 tunc
1578 1857 1759 1904 adiecto

167 1933 298 1975 aceto
337 1941 443 1973 cum
481 1941 598 1988 pane
635 1928 684 1973 in
722 1926 826 1973 cibo
865 1933 1048 1987 sumpta
1078 1932 1291 1988 prosunt.
1351 1927 1534 1974 Herbae
1564 1929 1759 1974 vettoni-
1791 1938 1844 1976 62

167 2012 248 2044 cae
292 1998 341 2043 in
384 1996 550 2043 umbra
595 1997 823 2042 arefactae
870 2002 1037 2042 tunsae
1086 1996 1410 2058 cribrataeque
1453 1996 1606 2059 pulvis
1651 2011 1758 2043 cum

166 2068 273 2113 vino
310 2072 449 2126 potus
487 2065 674 2127 cyliacis
710 2065 964 2126 plurimum
1000 2065 1205 2127 prodest.

305 2134 413 2181 Mali
457 2137 637 2195 granati
682 2141 842 2181 cortex
887 2137 1057 2182 siccata
1102 2135 1316 2183 tunditur
1361 2142 1407 2182 et
1448 2135 1676 2182 criblatur
1714 2142 1761 2181 et
1791 2146 1843 2184 63

103 2215 145 2246 30
167 2205 318 2267 pulvis
363 2219 420 2251 ex
458 2219 512 2251 eo
549 2206 775 2251 miscetur
813 2219 918 2251 cum
957 2219 1150 2251 ovorum
1189 2204 1358 2252 vitellis
1395 2205 1547 2252 tribus
1586 2205 1760 2266 diuque

167 2277 216 2321 in
247 2288 425 2321 morem
454 2276 587 2335 panis
620 2274 853 2334 subigitur
883 2288 935 2320 ac
967 2274 1162 2320 fricatur
1196 2280 1335 2335 atque
1365 2275 1474 2320 inde
1505 2276 1638 2335 panis
1669 2274 1760 2320 for-

169 2349 320 2390 matus
357 2345 406 2390 in
444 2344 547 2390 foco
578 2345 798 2405 coquitur
829 2349 876 2389 et
906 2345 973 2389 sic
1003 2344 1324 2390 manducatur.
1377 2343 1467 2398 Qui
1498 2345 1539 2390 si.
1567 2350 1762 2405 propter

171 2414 359 2459 nimiam
407 2414 727 2460 austeritatem
773 2413 1040 2475 offenderit,
1092 2427 1199 2459 cum
1247 2413 1467 2460 lenticula
1513 2414 1613 2459 sine
1659 2413 1760 2459 oleo

171 2487 303 2528 cocta
346 2482 525 2529 adiecto
570 2484 797 2529 acerrimo
846 2488 976 2529 aceto
1023 2497 1046 2528 a
1090 2483 1247 2529 ieiuno
1293 2482 1564 2529 manducari
1608 2482 1759 2544 debet,

106 2559 147 2590 35
173 2551 296 2612 quod
328 2565 381 2597 eo
411 2551 517 2612 plus
546 2552 769 2614 proderit,
807 2567 899 2613 quo
932 2554 1213 2613 propensius
1244 2552 1387 2599 fuerit
1416 2552 1760 2599 manducatum.

317 2702 368 2740 10
390 2697 633 2741 interiores.
706 2703 757 2741 21
783 2699 922 2742 datur.
1004 2703 1057 2741 22
1082 2712 1355 2754 conquoque.
1435 2703 1488 2742 32
1512 2699 1760 2753 quoquitur.
