1898 3016
773 121 1148 172 -185—

301 249 502 311 Spongia
540 264 656 296 nova
694 264 798 297 cum
839 264 955 311 aqua
995 249 1113 296 salsa
1151 249 1297 296 calida
1333 250 1519 311 saepius
1550 251 1752 311 inposita
1785 258 1838 297 47

161 319 509 381 suggillationes
554 319 818 381 livoresque
863 319 1076 380 detergit.
1139 318 1300 366 Fimus
1345 318 1510 366 suillus
1549 321 1595 366 in
1636 326 1755 367 testa
1785 327 1838 366 48

161 389 392 436 arefactus
424 397 469 436 et
499 390 639 436 tritus
671 395 718 436 et
748 403 854 436 cum
879 388 979 436 oleo
1003 390 1251 450 impositus
1276 390 1392 435 mire
1417 395 1548 436 sanat
1571 389 1755 437 livores.

160 459 328 520 Apium
366 459 512 506 viride
552 458 786 506 subtiliter
822 460 985 506 tritum
1025 473 1132 506 cum
1170 461 1243 505 ovi
1281 458 1383 505 albo
1422 458 1607 506 inlitum
1646 459 1754 506 livo-
1784 467 1837 505 49

120 542 139 573 5
162 528 293 576 ribus
324 530 527 590 prodest.
579 528 724 575 Malva
754 531 955 576 erratica
986 530 1095 576 trita
1126 535 1174 575 et
1204 527 1349 575 calida
1379 543 1533 589 panno
1565 529 1754 576 inducta
1785 537 1838 575 50

162 606 208 645 et
245 598 344 645 oleo
382 606 609 660 peruncta
654 604 702 645 et
746 600 812 645 sic
858 598 1068 660 adposita
1109 597 1381 645 recentibus
1421 598 1754 660 suggillationi-

161 668 250 715 bus
281 683 333 715 ac
364 667 626 715 tumoribus
658 674 705 714 et
734 668 1056 715 vexationibus
1086 683 1338 715 nervorum
1370 667 1502 715 valde
1525 669 1753 716 medetur.

300 737 367 784 Ad
405 737 618 799 pustulas
655 738 904 798 papulasve
950 738 1006 785 de
1044 739 1160 785 facie
1200 737 1428 785 tollendas
1466 738 1753 786 medicamen
1785 744 1838 783 51

162 821 398 868 conpones
437 810 524 855 sic:
577 806 804 868 Sagapeni
841 833 911 839 --
941 807 1003 870 ΙΙ,
1047 807 1202 854 scobis
1241 807 1445 855 eburnae
1484 807 1757 855 delicatissi-

98 890 139 922 1o
161 891 262 924 mae
304 903 362 910 ——
398 876 539 940 VIIll,
576 892 758 939 myrrae
800 903 859 910 —
894 877 935 923 II
967 877 1019 940 S,
1058 877 1318 939 aphronitri
1356 904 1421 910 —
1452 876 1493 923 II
1525 877 1570 939 S,
1607 883 1756 940 traga-

162 946 319 994 canthi
358 972 417 979 —
451 946 530 1010 V13
575 953 711 994 tunsa
752 947 866 994 haec
905 953 952 994 et
989 947 1191 994 cribrata
1230 961 1336 994 cum
1375 946 1510 993 melle
1547 947 1757 1009 liquidis-

162 1018 278 1063 simo
311 1022 357 1063 et
387 1016 717 1064 candidissimo
742 1023 976 1075 teruntur,
1006 1019 1070 1064 ita
1096 1023 1150 1064 ut
1173 1016 1534 1064 crassitudinem
1557 1017 1758 1065 habeant

161 1086 310 1133 mellis
348 1086 600 1149 densioris3
645 1101 698 1133 ex
742 1102 797 1133 eo
834 1088 883 1133 in
920 1086 1086 1134 balneo
1123 1086 1195 1133 vel
1233 1092 1339 1133 ante
1375 1087 1539 1133 horam
1576 1087 1758 1134 lavandi

164 1157 305 1203 facies
342 1155 590 1218 diligenter
627 1155 840 1203 inlinitur
877 1163 924 1203 et
960 1163 1067 1218 post
1103 1156 1322 1203 balneum
1360 1156 1549 1204 eluitur.

99 1237 139 1268 15
301 1224 363 1272 Ut
405 1226 598 1272 livorem
644 1226 701 1272 de
747 1227 864 1273 facie
908 1226 1062 1289 tollas,
1108 1226 1359 1287 gladiolum
1399 1226 1592 1273 herbam
1630 1227 1757 1288 palu·
1789 1233 1840 1270 52

162 1302 303 1342 strem
350 1295 578 1343 arundine
627 1302 707 1342 aut
755 1310 859 1343 osse
912 1302 1047 1343 acuto
1100 1296 1326 1343 radicitus
1377 1295 1545 1342 avelles
1598 1296 1756 1343 obser-

160 1379 271 1411 vans
309 1379 518 1427 prorsus,
557 1380 615 1411 ne
654 1366 778 1412 ferro
818 1380 916 1412 eam
956 1367 1219 1428 contingas,
1256 1366 1397 1412 huius
1435 1366 1617 1413 radices
1651 1372 1756 1414 tun-

73 1464 79 1470 ·
162 1449 238 1481 sae
284 1443 330 1481 et
378 1434 597 1482 subactae
643 1441 782 1496 atque
830 1434 1072 1496 emplastri
1119 1450 1249 1482 more
1302 1435 1538 1497 adpositae
1587 1436 1757 1483 livores

161 1510 378 1566 potenter
415 1504 676 1551 emendant.
738 1504 937 1567 Radicis,
977 1519 1094 1566 quae
1132 1505 1454 1567 manducatur,
1491 1506 1539 1551 id
1578 1512 1650 1552 est
1686 1521 1757 1553 ra·
1788 1511 1840 1549 53

99 1585 139 1615 20
162 1575 277 1636 fani,
322 1580 482 1621 cortex
519 1575 660 1621 tritus
698 1574 945 1635 diligenter
991 1581 1037 1622 et
1074 1589 1179 1621 cum
1220 1574 1354 1621 melle
1390 1576 1651 1636 permixtus
1688 1577 1756 1622 in·

161 1643 365 1705 litusque
390 1643 738 1705 suggillationes
762 1652 902 1706 atque
925 1644 1110 1706 livores,
1142 1646 1224 1706 qui
1248 1659 1302 1691 ex
1326 1644 1498 1692 ictibus
1522 1647 1758 1709 eveniunt,

162 1713 378 1760 celeriter
408 1713 657 1775 absterget.
710 1713 963 1775 Origanum
994 1714 1051 1761 ad
1084 1729 1312 1761 summam
1335 1714 1569 1761 levitatem
1592 1717 1757 1762 tritum
1788 1720 1841 1758 54

163 1785 209 1829 in
255 1783 445 1830 linteolo
492 1784 582 1830 udo
628 1783 890 1845 adpositum
939 1784 1109 1831 livores
1154 1784 1211 1830 de
1263 1798 1355 1846 quo
1401 1784 1605 1831 volueris
1656 1785 1757 1832 loco

164 1854 320 1898 statim
358 1852 499 1915 tollit3
536 1855 780 1900 mentastri
818 1868 1005 1915 quoque
1039 1854 1146 1900 folia
1176 1855 1287 1900 trita
1318 1860 1365 1900 et
1395 1854 1605 1915 adposita
1634 1855 1758 1901 idem

103 1934 143 1965 25
165 1928 416 1983 praestant.
479 1922 664 1969 Nitrum
703 1937 759 1969 ex
796 1922 932 1970 melle
971 1929 1018 1970 et
1053 1924 1171 1970 lacte
1209 1923 1385 1970 bubulo
1423 1926 1586 1971 tritum
1618 1931 1757 1986 atque
1789 1928 1840 1967 55

164 1993 446 2053 permixtum
478 1992 834 2054 adpositumque
864 1992 1101 2040 ulceribus
1135 1995 1183 2039 in
1214 1994 1330 2040 facie
1361 1995 1482 2040 natis
1513 2000 1593 2040 aut
1622 1995 1758 2042 factis

165 2062 389 2108 citissime
427 2061 662 2124 medetur;
706 2064 861 2123 ipsum
899 2064 1037 2109 etiam
1076 2064 1252 2110 nitrum
1291 2077 1398 2109 cum
1435 2063 1626 2125 pulvere
1664 2066 1759 2126 opii

165 2137 212 2177 et
243 2145 354 2178 suco
386 2130 594 2192 thapsiae
625 2133 790 2178 tritum
820 2132 1175 2193 adpositumque
1202 2133 1371 2179 livores
1396 2135 1551 2180 statim
1584 2135 1756 2180 eximit.

165 2199 338 2247 Caseus
376 2203 596 2262 caprinus
627 2201 792 2264 mollis,
830 2201 875 2248 id
916 2208 986 2248 est
1015 2216 1195 2265 recens,
1233 2217 1339 2249 cum
1369 2202 1504 2249 melle
1536 2203 1758 2250 subactus
1789 2207 1842 2247 56

101 2280 142 2311 30
163 2271 504 2331 impositusque
550 2278 596 2317 et
639 2286 792 2332 panno
839 2271 1042 2332 desuper
1086 2278 1239 2318 tectus
1285 2279 1364 2318 aut
1407 2272 1550 2319 linteo
1589 2273 1758 2334 suggil—

164 2339 361 2386 lationes
397 2339 662 2402 livoresque
699 2341 916 2388 celeriter
954 2340 1202 2402 absterget.
1268 2341 1394 2404 Mali,
1439 2342 1485 2388 id
1525 2348 1596 2388 est
1633 2345 1759 2404 pomi
1789 2346 1840 2386 57

167 2409 290 2471 quod
327 2409 648 2473 manducatur,
685 2410 758 2457 vel
795 2412 933 2457 etiam
971 2410 1135 2457 Punici
1176 2413 1356 2458 corium
1394 2419 1641 2458 contusum
1681 2413 1757 2459 ad-

166 2480 308 2525 mixta
344 2479 527 2539 polenta
559 2482 828 2541 impositum
861 2487 907 2526 et
936 2480 1105 2526 livores
1136 2480 1288 2527 abolet
1318 2487 1365 2527 et
1395 2481 1579 2527 dolores
1613 2482 1757 2529 sedat.

167 2547 309 2594 Lauri
345 2547 565 2595 bacarum
603 2552 891 2610 quartarium
929 2564 1095 2612 unum,
1134 2549 1418 2611 myrobalani
1456 2553 1757 2615 semunciam,
1788 2555 1841 2594 58

104 2628 144 2659 35
169 2617 460 2678 faenograeci
503 2619 758 2682 heminam,
805 2619 992 2681 serpylli
1037 2634 1130 2666 non
1173 2620 1391 2682 multum;
1442 2622 1594 2667 tunsis
1639 2636 1757 2682 quae

166 2686 302 2733 tundi
356 2694 540 2748 oportet
591 2696 729 2750 atque
775 2689 992 2736 omnibus
1037 2691 1084 2735 in
1128 2704 1272 2736 unum
1319 2692 1563 2751 permixtis
1614 2691 1750 2737 medi—

167 2770 328 2803 camen
374 2756 488 2803 utile
533 2757 770 2805 abolendis
814 2758 1039 2805 livoribus
1084 2759 1247 2822 facies,
1294 2774 1384 2821 quo
1426 2775 1511 2822 per
1549 2761 1754 2806 tridunxrz
