1898 3016
779 117 1158 168 —131—

176 250 329 312 coqui,
367 248 514 296 donec
546 249 748 309 spissum
780 246 859 293 fiat
888 245 1294 292 medicamentum.
1347 244 1445 292 Hoc
1476 246 1629 308 etiam,
1659 260 1767 292 cum

176 319 385 380 eruperit
415 319 704 379 suppuratio,
735 318 805 364 uti
838 315 1091 378 oportebit3
1127 322 1354 376 expurgat
1383 316 1506 361 enim
1537 322 1583 361 et
1613 314 1768 376 explet

175 389 341 436 omnia.
399 386 538 434 Uvam
578 388 828 448 supprimit
866 386 944 432 diu
983 386 1213 432 iacentem
1252 383 1319 430 sal
1349 391 1395 431 et
1424 384 1539 446 galla
1572 391 1766 431 contusa

174 460 335 520 aequis
380 456 666 518 ponderibus
711 456 913 502 admixta
962 462 1008 502 et
1055 456 1117 501 ita
1167 469 1250 515 per
1296 453 1494 501 cocliare
1541 454 1765 516 adposita,

131 530 285 578 5item
329 526 472 588 gallae
521 525 558 572 X
595 525 656 587 11,
701 528 821 572 aeris
865 525 993 571 floris
1039 524 1078 570 X
1115 523 1176 586 11,
1219 538 1463 570 menarum
1508 525 1608 570 sine
1653 525 1766 586 ovis,

174 597 220 644 id
265 605 336 644 est
379 597 579 658 piscium
624 594 876 657 salsorum,
925 595 1075 655 capita
1120 593 1172 639 X.
1247 593 1371 640 Haec
1423 593 1766 640 comburuntur

174 673 222 714 et
265 668 326 713 ita
371 666 540 713 ceteris
585 663 701 711 bene
746 666 870 711 tritis
915 665 1023 710 trita
1075 663 1419 725 admiscentur,
1472 663 1554 710 sed
1606 669 1767 724 postea

174 735 319 783 nihilo
365 736 518 782 minus
562 736 610 780 in
656 748 802 780 unum
847 733 1022 780 diutins
1067 739 1298 780 teruntur.
1379 733 1575 795 Oportet
1612 738 1767 779 autem

177 807 300 866 tangi
329 805 472 866 digito
503 803 660 850 umido
693 803 1080 850 medicamentum
1112 809 1159 849 et
1189 804 1256 849 sic
1287 817 1422 848 uvam
1454 802 1510 848 ab
1541 804 1633 848 imo
1664 816 1764 849 rec-

111 883 266 924 lotam
311 874 389 921 diu
434 875 664 934 supprimi
707 887 895 919 sursum
937 887 1113 919 versus.
1179 872 1247 918 Ad
1285 873 1454 919 arteria
1492 878 1763 933 exasperata

174 943 402 1006 simplicia
439 943 627 1005 quidem
664 942 778 989 haec
816 943 1012 989 faciunt:
1069 941 1255 988 Gummi
1292 941 1658 987 Alexandrinum
1696 940 1768 987 vel

175 1013 527 1075 tragacanthum
564 1027 649 1073 per
686 1026 735 1058 se
774 1012 861 1058 sub
899 1012 1055 1072 lingua
1093 1018 1351 1073 retentum3
1389 1011 1471 1057 sed
1510 1013 1767 1071 composita

174 1083 288 1130 haec
326 1083 382 1130 ad
421 1089 652 1130 tumorem
683 1084 881 1128 arteriae
919 1083 1117 1128 maxime
1155 1087 1375 1142 prosunt:
1413 1081 1660 1141 Papaveris
1692 1080 1767 1126 sil·

175 1155 313 1200 vatici
335 1155 427 1198 iam
451 1153 634 1209 maturi,
664 1151 827 1198 viridis
858 1158 1011 1198 tamen
1043 1151 1194 1198 adhuc
1226 1152 1375 1212 capita
1409 1165 1544 1211 quam
1570 1150 1768 1211 plurima

114 1240 153 1271 15
177 1237 284 1269 vaso
324 1222 453 1269 fictili
490 1223 755 1268 coiciuntur
803 1227 942 1282 atque
981 1235 1100 1282 aqua
1138 1220 1494 1281 superfunditur
1531 1226 1678 1281 tanta,
1716 1225 1769 1266 ut

178 1293 416 1353 supersint
453 1291 509 1338 de
546 1290 733 1337 vasculo
771 1290 863 1337 duo
903 1290 973 1337 vel
1012 1298 1107 1336 tres
1145 1290 1302 1351 digiti3
1340 1289 1454 1335 haec
1493 1289 1574 1335 ubi
1610 1289 1766 1336 triduo

177 1367 406 1409 macerata
451 1361 644 1423 fuerint,
690 1360 853 1406 eodem
889 1375 997 1406 vaso
1042 1361 1383 1420 incoquuntur,
1428 1359 1575 1405 donec
1614 1359 1767 1406 made-

178 1439 328 1494 scant3
359 1437 520 1492 postea
551 1431 878 1490 exprimuntur
909 1431 1152 1490 omnisque
1181 1443 1325 1490 aquae
1350 1428 1610 1490 percolatae
1637 1429 1767 1490 prius

178 1500 423 1562 diligenter
447 1513 664 1546 mensura
689 1501 887 1561 capitur,
911 1499 965 1545 ad
991 1501 1126 1545 cuius
1150 1498 1431 1544 soliditatem
1455 1498 1604 1544 mellis
1627 1499 1770 1544 Attici

114 1587 155 1617 20
179 1577 341 1631 quarta
371 1583 479 1631 pars
510 1570 757 1631 miscetur;
787 1569 954 1615 deinde
985 1570 1033 1614 in
1057 1568 1233 1629 duplici
1257 1582 1363 1614 vaso
1389 1573 1480 1614 tam
1506 1568 1584 1613 diu
1610 1569 1769 1629 coqui-

177 1646 268 1702 tur,
299 1639 446 1686 donec
477 1638 626 1685 mellis
655 1638 823 1685 habeat
846 1638 1211 1700 spissitudinem.
1255 1637 1353 1684 Hoc
1377 1637 1767 1684 medicamentum

177 1716 223 1756 et
246 1709 301 1755 ad
329 1708 563 1755 auriculae
587 1714 818 1754 tumorem
843 1715 889 1754 et
916 1708 970 1754 ad
996 1709 1164 1754 tussim
1187 1708 1308 1754 facit.
1355 1707 1512 1754 Altera
1542 1709 1767 1754 arteriace

177 1779 233 1825 ad
271 1778 467 1824 fluorem
505 1780 702 1824 arteriae
749 1784 794 1824 et
832 1778 888 1824 ad
926 1780 1200 1824 raucitatem
1248 1784 1294 1823 et
1331 1777 1387 1823 ad
1426 1778 1592 1823 tussim
1631 1784 1677 1824 et
1714 1777 1770 1822 ad

179 1850 379 1909 spissum
412 1862 578 1893 sonum
608 1848 749 1909 vocis,
781 1849 949 1908 accipit
974 1847 1113 1894 haec:
1145 1846 1455 1907 Tragacanthi
1480 1846 1518 1892 X
1542 1846 1613 1909 Vl,
1638 1861 1768 1907 gum-

114 1934 153 1964 25
178 1919 265 1963 mis
303 1916 556 1978 acanthini,
603 1916 726 1977 quod
774 1932 829 1963 ex
873 1916 1139 1963 vermiculis
1186 1918 1267 1977 qui
1313 1916 1407 1962 illic
1453 1922 1563 1962 sunt
1607 1930 1767 1962 verum

176 1987 384 2049 docetur,
407 1986 444 2032 X
460 1985 532 2047 VI,
555 2000 742 2032 murrae
760 1986 799 2032 X
814 1986 848 2049 l,
871 1988 991 2033 turis
1015 1986 1231 2032 denarios
1255 1985 1310 2047 II,
1335 1987 1463 2032 croci
1480 1985 1519 2031 X
1534 1985 1567 2047 I,
1592 1987 1769 2047 piperis

174 2056 265 2103 albi
296 2070 438 2117 grana
468 2055 566 2117 XX,
604 2057 886 2102 cariotarum
924 2057 1183 2102 recentium
1223 2057 1366 2102 trium
1396 2055 1562 2116 pulpas
1593 2055 1769 2102 medias

174 2126 381 2172 detracta
420 2127 650 2171 exteriore
688 2132 821 2187 cute,
864 2140 978 2172 uvae
1017 2139 1178 2186 passae
1217 2127 1518 2185 incorruptae
1556 2126 1768 2186 purgatis

175 2194 479 2242 interioribus
511 2197 666 2256 granis
698 2194 737 2240 X
769 2194 882 2242 VIII.
943 2195 1126 2241 Gummi
1165 2200 1211 2240 et
1242 2194 1594 2255 tragacanthum
1633 2208 1768 2255 passo

111 2281 152 2311 30
175 2264 359 2312 Cretico
398 2279 491 2311 uno
530 2265 604 2310 die
653 2271 699 2311 et
737 2279 827 2311 una
874 2271 1011 2311 nocte
1057 2266 1284 2311 macerari
1329 2270 1535 2326 oportet,
1578 2269 1767 2324 postero

175 2334 248 2380 die
286 2334 378 2395 pilo
418 2334 590 2381 mundo
629 2334 854 2381 contundi
894 2341 940 2380 et
977 2340 1131 2380 cetera
1172 2335 1278 2380 trita
1321 2335 1543 2380 mortario
1583 2334 1768 2379 curiose

174 2404 440 2466 admisceri3
477 2403 584 2450 inde
624 2403 723 2450 dari
761 2403 899 2450 debet
937 2403 1066 2450 fabae
1104 2403 1438 2463 magnitudinis
1469 2402 1685 2463 globulus
1723 2410 1769 2448 et

175 2473 262 2519 sub
295 2473 449 2533 lingua
477 2475 627 2520 teneri
650 2479 697 2520 et
720 2473 933 2520 devorari
957 2475 1113 2520 statim
1138 2473 1261 2533 quod
1286 2472 1589 2533 liquefactum
1614 2472 1768 2518 fuerit.

174 2542 272 2588 Hoc
310 2543 698 2589 medicamentum
745 2545 906 2604 pipere
946 2544 1154 2589 detracto
1201 2548 1246 2588 et
1285 2542 1338 2588 ad
1380 2548 1611 2588 tumorem
1650 2547 1768 2588 arte-

288 2654 311 2689 3
344 2647 418 2690 diu
450 2649 688 2704 iacentem]
720 2649 840 2690 divia
871 2652 1061 2691 centum.
1206 2653 1229 2690 ὃ
1260 2649 1353 2690 flos.
1497 2652 1521 2689 9
1552 2647 1763 2689 umidum.

179 2708 228 2745 10
282 2717 452 2746 sussum
496 2718 659 2747 versos.
904 2704 1109 2747 arteriam
1156 2705 1461 2757 exasperatam
1515 2704 1767 2746 Cornarius.

179 2765 229 2801 12
254 2760 546 2802 trachanbum.
642 2765 694 2802 24
717 2761 994 2814 tragagandi.
1098 2766 1149 2802 27
1175 2759 1328 2814 trium]
1354 2759 1508 2803 arium.
1610 2759 1766 2813 pallas.

1462 2830 1519 2871 9*
