1898 3016
816 125 1200 176 —213—

217 257 325 304 inde
355 256 412 304 ad
443 256 566 303 diem
598 254 783 302 sorbeat
812 253 884 301 vel
914 252 1158 300 dimidium
1190 253 1422 316 cyathum,
1460 251 1664 300 colorem
1695 251 1813 312 opti-

219 341 347 374 mum
383 325 572 372 habebit
610 332 656 372 et
693 324 875 371 facilius
914 322 1169 385 suspirabit
1214 329 1261 369 et
1305 322 1461 369 cibum
1503 322 1669 369 melius
1706 335 1816 368 con-

218 397 359 444 ficiet.
421 395 537 442 Nam
576 397 615 441 si
654 396 759 456 quis
795 393 993 441 multum
1031 392 1288 439 comederit
1325 398 1372 439 et
1408 407 1502 438 non
1545 392 1816 439 concoxerit

218 472 267 513 et
310 465 443 513 cibus
488 467 532 511 ei
574 466 623 511 in
662 463 899 511 stomacho
937 465 1187 525 inacuerit,
1226 462 1413 510 sorbeat
1450 462 1505 509 de
1543 461 1632 508 hoc
1669 460 1814 507 medi-

177 555 197 586 5
221 541 447 598 cament0,
478 536 700 582 continuo
731 534 912 580 desinet
935 533 1110 579 crudus
1134 547 1251 580 esse.
1289 531 1348 579 Ut
1372 533 1492 579 scias
1515 546 1639 593 vero,
1664 539 1897 592 quan-117

219 611 313 652 tam
358 606 450 651 vim
494 603 681 667 haheat,
727 605 866 649 etiam
912 603 1101 650 caducis
1146 603 1306 649 datum
1342 602 1548 664 prodest.
1621 599 1736 647 Nam
1774 601 1815 646 si

218 675 292 721 vel
336 674 453 722 duos
497 673 686 735 cyathos
731 672 920 719 cadivus
963 673 1072 718 inde
1118 672 1305 719 sorbeat
1350 678 1397 719 et
1441 677 1600 719 currat
1647 684 1814 731 passus

217 743 342 791 mille
387 743 614 790 ducentos
659 744 995 803 quinquaginta
1040 744 1247 804 ieiunus,
1298 744 1414 788 mire
1464 740 1814 801 remediabitur‚

220 815 261 859 si
303 813 375 859 vel
419 814 559 859 tertio
603 818 683 858 aut
728 817 894 873 quarto
938 811 1012 858 die
1049 811 1097 858 id
1135 813 1382 873 acceperit.
1457 811 1589 866 Quod
1630 812 1671 856 si
1709 811 1814 871 quis

160 902 200 933 10
223 884 312 930 erit
355 884 403 928 in
447 881 717 943 accipiendo
762 881 953 928 cottidie
1004 882 1206 943 patiens,
1257 883 1446 942 penitus
1498 879 1676 927 carebit
1725 879 1815 925 hoc

220 951 398 998 morbo.
463 951 562 998 Hoc
605 951 895 998 medicamen
941 957 987 997 et
1023 959 1186 997 ventos
1226 953 1334 998 eicit
1371 957 1418 998 et
1454 964 1596 996 venas
1633 954 1816 1010 purgat.

219 1021 334 1068 Nam
372 1023 413 1068 is
449 1020 642 1067 morbus
680 1035 735 1067 ex
772 1028 1018 1067 ventorum
1056 1020 1354 1068 multitudine
1399 1026 1634 1081 movetur3
1679 1019 1816 1079 frige·

222 1093 311 1138 scit
348 1093 471 1137 enim
510 1105 682 1152 corpus
719 1091 775 1138 de
805 1092 1097 1151 inparatione
1129 1097 1176 1137 et
1204 1105 1425 1138 nauseam
1456 1090 1568 1136 facit
1598 1096 1645 1136 et
1673 1089 1815 1135 vomi-

221 1167 298 1208 tus
342 1167 509 1207 movet.
586 1160 636 1206 Si
680 1162 785 1221 quis
830 1174 940 1221 ergo
986 1160 1074 1207 hoc
1121 1167 1293 1223 sumat,
1339 1175 1525 1206 omnem
1571 1173 1725 1207 escam
1771 1164 1818 1204 et

157 1249 198 1280 15
220 1232 457 1292 potionem
502 1229 621 1276 hene
667 1236 929 1290 concoquet
974 1235 1022 1275 et
1065 1229 1191 1276 nulla
1235 1244 1312 1276 res
1358 1232 1401 1276 ei
1447 1229 1634 1276 nocebit
1678 1243 1730 1275 ac
1777 1229 1818 1274 si

219 1299 346 1346 voles
376 1300 464 1346 hoc
494 1299 799 1346 medicamine
830 1299 1020 1360 pthisim
1047 1299 1224 1362 sedare,
1254 1300 1371 1346 adde
1403 1301 1499 1345 vini
1530 1299 1679 1346 dulcis
1704 1312 1816 1360 pau-

219 1369 365 1416 lulum
404 1375 451 1415 et
489 1371 555 1415 sic
594 1369 700 1415 dato
731 1370 928 1415 mixtum
958 1368 1150 1415 sorbere
1180 1370 1354 1416 ieiuno.
1408 1369 1456 1415 Si
1487 1370 1593 1430 quis
1624 1369 1898 1429 sangui-118

219 1454 327 1486 nem
358 1438 608 1501 excreabit,
638 1437 728 1484 hoc
758 1438 1064 1484 medicamine
1096 1444 1286 1501 accepto
1311 1439 1444 1486 facile
1470 1441 1608 1485 eiciet
1631 1452 1816 1485 omnem

221 1509 481 1555 molestiam
519 1514 566 1554 et
601 1522 744 1554 venae
783 1509 826 1553 ei
862 1507 1191 1569 purgabuntur
1229 1509 1448 1570 quodque
1486 1509 1542 1555 ad
1572 1508 1817 1570 pulmones

157 1596 200 1626 20
223 1584 270 1625 et
306 1579 476 1624 arteria
515 1582 737 1638 corrupta
769 1577 960 1640 adtinet,
995 1592 1082 1639 per
1111 1580 1337 1625 vomitum
1369 1578 1621 1641 sanabitur,
1659 1579 1698 1624 si
1727 1577 1818 1624 hoc

174 1681 178 1685 ψ
220 1648 560 1694 medicamento
606 1652 767 1694 utatur
811 1647 1025 1709 adsidue,
1074 1654 1121 1694 et
1158 1650 1198 1694 si
1236 1663 1374 1709 quem
1413 1663 1530 1710 aqua
1567 1649 1817 1694 intercutis

220 1717 419 1779 tenebit,
463 1717 510 1763 id
561 1722 631 1763 est
679 1718 718 1763 si
760 1716 1046 1778 hydropicus
1091 1719 1201 1781 erit,
1250 1718 1492 1765 sanabitur
1540 1717 1816 1779 faciliusque

222 1786 477 1848 curabitur,
516 1788 556 1833 si
592 1800 759 1833 recens
796 1786 989 1833 morbus
1027 1787 1182 1849 fuerit,
1219 1802 1326 1834 nam
1356 1803 1441 1849 per
1474 1789 1654 1834 urinam
1684 1787 1816 1834 illum

221 1857 314 1903 cito
338 1856 518 1916 digeret
549 1862 595 1902 et
627 1856 749 1916 quod
780 1855 836 1902 ad
861 1856 1068 1917 splenem
1093 1859 1259 1904 attinet
1283 1857 1626 1906 extenuabitur.
1669 1856 1814 1918 Opor-

157 1943 198 1975 25
221 1931 290 1972 tet
319 1939 430 1986 ergo
461 1927 593 1986 prius
616 1925 790 1988 videre,
819 1926 942 1972 unde
969 1929 1074 1987 quis
1097 1927 1291 1974 morbus
1313 1929 1480 1974 veniat.
1535 1927 1584 1974 Si
1606 1942 1630 1973 a
1655 1927 1815 1988 splene

221 1995 325 2058 erit,
355 2000 518 2041 venter
550 1994 756 2042 solvetur
787 2001 866 2042 aut
895 2010 1034 2042 crura
1058 1996 1327 2058 turgebunt.
1366 1997 1476 2043 Dari
1497 1999 1655 2058 itaque
1679 2010 1815 2058 opor-

219 2064 337 2111 tebit
373 2079 507 2111 mane
544 2066 703 2111 ieiuno
741 2064 859 2111 duos
897 2066 1087 2127 cyathos
1126 2072 1253 2112 certe
1292 2066 1363 2113 vel
1400 2081 1547 2114 unum
1582 2066 1814 2128 cyathum,

220 2136 261 2182 si
298 2136 411 2181 satis
447 2134 662 2181 infirmus
700 2136 802 2198 erit,
840 2135 959 2182 dato.
1028 2136 1161 2190 Quod
1201 2138 1239 2182 si
1277 2136 1333 2182 ab
1370 2138 1526 2183 iecore
1565 2138 1655 2183 erit
1691 2150 1813 2182 mor-

219 2204 322 2266 bus,
361 2203 510 2251 mellis
548 2203 764 2266 cyathum
804 2210 882 2251 aut
915 2207 1038 2265 passi
1070 2207 1346 2252 commisces
1378 2221 1485 2253 cum
1517 2206 1680 2267 cyatho
1713 2207 1814 2251 eius

155 2291 196 2322 30
220 2275 339 2320 aceti
375 2274 515 2335 idque
553 2288 637 2335 per
682 2274 781 2320 dies
826 2274 1001 2335 aliquot
1045 2274 1189 2322 dabis.
1254 2275 1462 2322 Primum
1500 2290 1700 2336 namque
1740 2289 1815 2321 su-

220 2343 412 2390 doribus
450 2343 886 2406 vehementissimis,
922 2350 1084 2405 postea
1123 2346 1261 2391 etiam
1292 2346 1427 2391 urina
1464 2345 1609 2391 multa
1647 2358 1815 2406 purga-

218 2413 365 2476 bitur3
397 2413 564 2459 deinde
595 2412 751 2460 cibum
783 2419 830 2459 et
858 2415 1095 2475 potionem
1125 2414 1433 2462 libentissime
1458 2421 1611 2461 sumet
1641 2415 1814 2460 omnia-

221 2497 311 2544 que
347 2484 439 2530 cito
477 2488 750 2544 concoquet.

359 2607 387 2644 4
414 2602 797 2646 medicamentum.
915 2610 938 2645 9
970 2606 1213 2658 acceperat.
1324 2610 1373 2647 11
1406 2605 1550 2648 eiciet.
1653 2609 1704 2646 12
1735 2604 1812 2646 fri-

221 2656 364 2710 giscit.
467 2663 517 2700 13
547 2660 750 2701 vomitos,
856 2665 906 2702 16
935 2660 1177 2714 paulolum.
1286 2666 1339 2703 20
1370 2661 1555 2704 arterias
1585 2662 1812 2714 corruptas

224 2713 472 2756 Cornarius.
586 2720 638 2756 22
683 2714 917 2770 idropicus.
1033 2721 1086 2758 25
1117 2717 1173 2759 ad
1204 2717 1341 2770 splen.
1455 2722 1507 2760 29
1540 2717 1811 2759 οιιωωίεοεε.

222 2775 272 2812 31
304 2770 473 2811 urinam
504 2770 701 2812 multam.
