1898 3016
64 449 123 487 44

64 1703 122 1742 45

65 2263 120 2301 46

760 98 1192 152 -136-’

153 230 385 276 sextarius
423 234 470 275 et
506 233 697 275 rursum
735 231 967 291 coquitur.
1027 230 1116 277 Ubi
1151 234 1305 276 autem
1345 229 1463 277 bene
1501 232 1747 280 decoctum

153 299 310 361 fuerit,
348 304 504 345 cetera
544 313 684 360 supra
722 301 896 361 scripta
935 314 1052 360 quae
1091 301 1214 347 sicca
1253 306 1362 346 sunt
1398 302 1506 348 trita
1541 302 1747 349 adiciun-

152 375 232 415 tur
256 370 521 429 iterumque
547 369 828 430 decoquitur
850 369 1256 430 medicamentum,
1288 369 1435 417 donec
1462 372 1523 417 sit
1543 374 1747 433 spissum

155 438 281 485 velut
311 438 416 485 mel.
467 438 613 500 Rhus,
645 453 736 500 quo
768 440 956 486 coriarii
986 446 1197 501 utuntur,
1228 439 1445 486 foliorum
1476 446 1746 488 tenerorum

154 508 458 556 collectorum
504 514 702 570 aestate,
746 510 1020 569 priusquam
1066 523 1226 556 semen
1269 509 1543 557 arbusculae
1585 521 1792 558 eorum5

152 578 368 636 habeant,
398 578 438 624 X
470 576 641 623 XXIIII
671 585 968 624 macerantur
998 581 1046 624 in
1078 594 1223 640 aquae
1254 579 1425 626 nitidae
1458 582 1636 640 congiis
1667 582 1748 628 tri-

151 648 241 695 bus
279 648 474 695 totidem
512 647 677 694 diebus
714 648 1001 709 totidemque
1038 648 1276 711 noctibUS,
1323 649 1491 696 deinde
1529 664 1748 711 expressa

152 718 262 765 folia
300 718 589 779 abiciuntur,
628 732 767 781 aqua,
805 720 853 764 in
892 733 982 779 qua
1021 724 1250 765 macerata
1287 718 1476 781 fuerint,
1513 721 1748 766 transfun-

155 788 283 835 ditur
319 790 368 834 in
406 802 485 833 vas
523 801 713 834 aereum
751 794 797 834 et
835 790 1073 850 coquitur,
1117 789 1265 835 donec
1309 789 1358 834 in
1401 789 1552 836 mellis
1589 792 1748 851 spissi-

152 858 365 905 tudinem
410 858 662 918 redigatur.
737 857 934 918 Oportet
977 865 1133 904 autem
1178 859 1354 904 moveri
1397 873 1563 919 aquam
1600 861 1748 920 ipsam
1773 870 1815 900 10

151 927 367 975 rudicula
412 927 484 974 vel
527 927 813 988 spathomela
851 929 972 974 aeris
1018 927 1170 991 rubri3
1214 935 1375 989 postea
1421 929 1542 974 adici
1579 929 1752 976 debent

153 999 264 1045 trita
300 998 436 1044 haec:
472 997 675 1059 Myrrae,
713 999 855 1060 turis,
893 997 1026 1043 nardi
1065 997 1294 1061 Syriacae,
1331 999 1547 1060 cinnami,
1585 1001 1751 1062 casiae,

153 1067 446 1128 singulorum
485 1067 665 1113 denarii
701 1066 819 1129 bini3
859 1067 1027 1113 deinde
1066 1066 1138 1113 bis
1175 1073 1304 1114 terve
1342 1068 1627 1114 infervefieri
1655 1083 1750 1114 me-

152 1138 467 1185 dicamentum
507 1142 554 1182 et
590 1139 757 1197 reponi
793 1139 840 1182 in
879 1137 1046 1197 pyxide
1084 1151 1266 1198 cyprea.
1336 1136 1466 1183 Facit
1503 1137 1559 1183 ad
1597 1140 1750 1184 omnia

152 1209 284 1269 vitia,
330 1221 448 1267 quae
494 1208 543 1252 in
589 1221 668 1252 ore
714 1213 993 1268 nascuntur,
1039 1213 1086 1252 et
1123 1207 1179 1252 ad
1219 1221 1350 1253 uvam
1390 1215 1436 1253 et
1473 1209 1667 1253 arterias
1705 1214 1816 1254 et15

151 1279 367 1339 anginam
405 1282 452 1322 et
490 1275 546 1322 ad
585 1276 830 1333 auriculas,
870 1291 927 1322 ex
958 1276 1130 1337 quibus
1159 1277 1292 1337 puris
1321 1276 1521 1323 multum
1550 1276 1667 1339 fluit,
1705 1283 1752 1324 et

152 1348 209 1394 ad
247 1352 431 1393 veretra
470 1352 516 1392 et
554 1346 610 1392 ad
648 1346 929 1406 nigridinem
968 1346 1376 1408 carbunculorum,
1415 1354 1596 1393 crustas
1639 1362 1751 1408 quo·

152 1432 244 1479 que
291 1422 338 1462 et
381 1415 575 1477 papulas
621 1430 781 1462 omnes
828 1422 875 1462 et
914 1417 1112 1462 maxime
1152 1431 1205 1462 ea
1241 1417 1420 1462 umoris
1457 1418 1586 1479 vitia,
1633 1432 1751 1478 quae

151 1490 200 1533 in
248 1492 384 1533 nocte
430 1487 746 1548 concitantur,
793 1491 1039 1548 expurgat3
1086 1486 1167 1532 sed
1207 1488 1245 1532 si
1283 1491 1514 1532 vetustate
1554 1487 1751 1533 medica-

151 1563 361 1604 mentum
406 1557 655 1619 inaruerit,
694 1557 953 1602 remittitur
998 1562 1043 1602 et
1087 1562 1375 1617 temperatur
1411 1557 1517 1601 vino
1564 1562 1749 1603 austere
1773 1566 1816 1596 20

151 1627 272 1673 bene
310 1626 470 1672 calido.

292 1695 570 1742 Remedium
594 1694 751 1742 Cosmi
773 1694 945 1741 medici
976 1694 1032 1741 ad
1064 1696 1277 1755 anginam
1302 1703 1347 1741 et
1371 1695 1426 1741 ad
1451 1697 1604 1742 omnia
1627 1698 1750 1757 vitia,

153 1780 273 1828 quae
308 1768 358 1812 in
396 1780 477 1811 ore
515 1771 788 1826 nascuntur,
826 1770 873 1811 et
910 1764 965 1810 ad
1004 1779 1142 1811 aures
1179 1779 1296 1826 pure
1332 1773 1573 1812 manantes
1610 1771 1658 1812 et
1695 1766 1750 1811 ad

154 1835 468 1883 carbunculos
514 1842 652 1896 atque
699 1835 755 1880 ad
792 1841 995 1898 veretra,
1042 1849 1159 1896 quae
1197 1835 1477 1895 nigridinem
1516 1835 1750 1898 duxerint,

152 1912 200 1953 et
238 1906 294 1952 ad
333 1912 517 1952 crustas
555 1911 602 1951 et
638 1905 694 1951 ad
732 1904 890 1951 ulcera
927 1906 975 1950 in
1011 1903 1209 1965 pedibus
1248 1904 1447 1951 subtrita
1478 1904 1748 1951 calciamen-
1774 1913 1816 1944 2⁵

151 1978 234 2023 tis:
277 1976 407 2021 Rhus
448 1976 626 2036 Syriaci
663 1974 795 2035 XII,
834 1989 1016 2036 myrrae
1055 1974 1228 2035 XIIII,
1267 1976 1416 2020 casiae
1456 1974 1494 2020 X
1524 1974 1585 2036 11,
1624 1977 1752 2021 croci

151 2045 192 2092 X
223 2045 279 2108 II,
317 2044 470 2092 mellis
500 2046 641 2091 Attici
679 2045 869 2106 cyathos
908 2044 1038 2091 duos.
1101 2043 1330 2105 Coquitur
1361 2044 1750 2091 medicamentum

151 2115 278 2162 lente
322 2117 371 2161 in
416 2117 574 2161 cinere
613 2114 782 2177 calido,
827 2114 975 2160 donec
1021 2115 1224 2175 spissum
1269 2115 1367 2176 fiat,
1412 2115 1658 2174 reponitur
1701 2116 1749 2160 in

150 2199 260 2232 vaso
298 2199 448 2231 aere0.

294 2256 534 2301 Arteriace
572 2255 628 2300 ad
667 2254 930 2315 gravidines
976 2255 1069 2299 oris
1114 2258 1162 2299 et
1198 2254 1362 2313 capitis
1401 2259 1447 2299 et
1484 2253 1539 2299 ad
1577 2253 1749 2314 pleuri-
1773 2262 1816 2293 30

151 2327 273 2372 ticos
318 2331 365 2371 et
408 2339 494 2386 per
538 2330 718 2371 tussem
765 2325 1038 2384 sanguinem
1091 2324 1313 2369 eicientes
1358 2322 1606 2368 conficitur
1657 2325 1749 2370 sic:

152 2395 285 2441 Passi
323 2394 496 2441 Cretici
534 2395 725 2441 sextarii
762 2394 854 2440 duo
893 2393 1222 2453 decoquuntur
1259 2392 1314 2438 ad
1353 2394 1535 2454 tertiaS,
1583 2392 1750 2438 deinde

151 2465 439 2511 admiscetur
475 2466 597 2511 turis
643 2464 876 2510 victoriati
920 2463 1038 2508 duae
1083 2463 1304 2508 tertiaeve
1346 2467 1523 2522 partes,
1569 2476 1750 2522 myrrae

153 2534 357 2597 dimidia,
396 2536 524 2580 croci
561 2549 673 2596 una,
711 2532 1001 2594 tragacanthi
1038 2531 1077 2576 X
1108 2530 1151 2594 I,
1187 2533 1387 2592 gummis
1425 2531 1464 2577 X
1496 2531 1535 2594 I,
1573 2533 1751 2592 piperis

266 2645 289 2682 6
322 2640 481 2695 aquae]
513 2653 615 2693 qua.
729 2643 753 2681 9'
785 2637 1096 2692 spissitudinis.
1216 2642 1264 2678 11
1296 2637 1499 2679 tuticula..
1602 2639 1747 2690 spato-

150 2695 305 2795 (ιξίὶεὲῐίὶᾘ
397 2701 446 2737 13
478 2696 620 2751 terve]
653 2696 732 2738 ter.
863 2699 914 2736 33
947 2693 1059 2735 duae
1091 2693 1136 2735 et
1164 2693 1391 2736 tertiaeve.
1517 2697 1572 2734 34
1601 2695 1748 2746 traga-
