1930 3008
109 924 163 961 24

110 1479 160 1517 25

109 1965 162 2004 26

110 2173 162 2211 27

110 2312 162 2349 28

110 2520 161 2557 29

803 88 1176 138 -364—

191 219 255 264 ita
301 231 436 263 omne
485 219 639 263 vinum
685 224 991 279 excoquatur,
1036 224 1089 262 ut
1133 217 1206 261 vix
1252 217 1482 263 sextarius
1527 223 1784 280 remaneat3

191 293 353 349 postea
391 287 562 333 adicies
601 301 734 333 cerae
772 288 903 333 rufae
946 312 1002 319 —
1040 285 1096 331 VI
1141 293 1187 331 et
1226 285 1336 331 dum
1375 285 1542 347 fervet,
1587 288 1783 347 coagita-

193 356 265 403 bis
304 363 350 402 et
387 356 620 403 sublatum
655 356 712 402 de
743 357 846 403 foco
879 356 1163 402 medicamen
1196 355 1618 416 diutissime,‹dum
1649 356 1784 401 refri-

194 433 398 487 geretur,
437 425 630 486 agitabis
668 431 715 472 et
752 441 858 472 cum
896 439 1043 472 unum
1074 438 1245 485 corpus
1276 427 1376 471 eius
1406 425 1590 482 feceris,
1626 426 1675 471 in
1706 425 1784 472 do-

193 495 350 542 liolum
396 497 596 541 vitreum
649 502 729 541 aut
772 495 988 556 pyxidem
1035 499 1270 554 stagneam
1316 494 1542 541 recondes
1586 500 1632 541 et
1676 508 1827 542 cum5

194 580 311 626 opus
349 565 510 626 fuerit,
553 579 716 625 parum
755 565 1074 613 medicaminis
1113 563 1239 626 loco,
1278 565 1357 624 qui
1401 558 1637 610 curandus
1681 566 1784 627 erit,

193 637 420 695 impones,
461 634 541 680 sed
580 634 659 680 diu
692 634 968 695 perfricabis
1005 648 1057 680 ac
1095 639 1255 694 postea
1292 633 1434 680 linteo
1472 633 1691 696 involves,
1727 639 1805 680 ne‘

193 704 464 751 indumenta
494 705 822 765 inquinentur,
854 703 977 764 quod
1011 703 1267 749 remedium
1300 710 1405 764 post
1436 703 1649 750 balneum
1681 717 1784 750 ner·

195 776 262 820 vis
306 773 523 820 relaxatis
567 775 919 819 convenientius
964 774 1062 835 fiet3
1113 773 1192 819 sed
1238 775 1315 819 cui
1359 773 1638 820 medendum
1684 775 1787 835 erit,

194 844 446 905 liquamine
485 850 531 889 et
569 844 760 903 porcina
798 843 1032 889 abstinere
1071 841 1271 888 debebit.
1810 858 1851 888 10

334 912 576 973 Decamyri
621 912 903 959 calefactorii
945 912 1173 958 confectio
1212 911 1267 957 ad
1307 927 1474 958 nervos
1511 913 1786 958 confirman-

194 982 277 1028 dos
317 989 363 1028 et
400 982 680 1028 recreandos
715 989 820 1042 post
849 983 1065 1028 iniuriam
1099 981 1284 1041 frIgoris
1316 988 1395 1028 aut
1426 981 1624 1042 aliquam
1655 996 1785 1028 vexa-

194 1054 369 1098 tionem
416 1054 504 1098 sic:
558 1051 769 1097 Euforbii
807 1077 875 1085 —
913 1051 952 1111 1,
998 1050 1208 1111 pyrethri
1244 1077 1313 1083 —-
1349 1050 1388 1105 Ι,
1435 1065 1614 1111 myrrae
1658 1077 1713 1084 -
1753 1051 1787 1112 I,

193 1123 362 1168 amomi
397 1147 455 1153 —
487 1121 516 1182 I,
550 1120 647 1166 folii
680 1145 742 1152 —
768 1120 800 1182 I,
831 1122 1006 1181 piperis
1037 1145 1104 1152 -—
1128 1120 1161 1181 1,
1192 1122 1387 1181 styracis
1420 1114 1481 1186 9³
1507 1120 1622 1183 VIII,
1652 1135 1786 1167 cerae

195 1185 257 1257 ᾃα
290 1189 403 1251 VIII,
441 1190 574 1236 nardi
608 1184 669 1256 ῼα
701 1189 815 1250 VIII,
853 1189 1137 1250 opobalsami
1171 1183 1231 1255 „9³
1266 1189 1376 1236 VIII.
1430 1190 1494 1236 De
1532 1190 1604 1236 his
1641 1193 1784 1236 omni·
1809 1206 1851 1237 15

194 1260 282 1306 bus
313 1261 467 1306 tunsis
498 1259 715 1305 cribratis
745 1261 1049 1320 remissisque
1080 1259 1222 1305 facies
1255 1273 1391 1305 unam
1432 1261 1786 1320 confectionem,

194 1344 332 1391 quam
370 1331 416 1375 in
454 1329 670 1390 pyxidem
707 1329 906 1390 ligneam
944 1335 1024 1375 aut
1064 1343 1281 1375 corneam
1320 1329 1548 1375 recondes
1595 1336 1642 1376 et
1679 1344 1785 1376 cum

194 1414 311 1460 opus
350 1399 504 1461 fuerit,
541 1400 703 1445 uteris.

334 1468 447 1514 Item
498 1469 553 1514 ad
600 1469 758 1514 eadem
805 1482 1002 1529 acopum
1047 1468 1102 1514 de
1150 1467 1397 1528 speciebus
1442 1483 1606 1515 novem
1645 1469 1787 1515 facies

195 1540 282 1584 sic:
334 1537 584 1584 Mastiches
632 1532 693 1604 9⁴
725 1537 803 1599 VI,
851 1539 1047 1598 styracis
1087 1532 1148 1604 ξ),
1182 1537 1259 1599 VI,
1306 1538 1439 1584 nardi
1483 1545 1530 1584 et
1567 1539 1852 1585 dictamni2o

194 1608 490 1670 tantundem,
528 1607 617 1654 olei
655 1608 815 1654 viridis
854 1601 915 1673 ῼσ
950 1607 1052 1668 XX,
1098 1607 1187 1653 olei
1225 1607 1418 1668 phyllini
1457 1601 1519 1674 ᾂ-
1551 1607 1653 1670 XX,
1699 1608 1789 1654 olei

194 1679 384 1739 myrtIni
415 1671 476 1744 ᾃα
509 1676 563 1739 X,
602 1691 734 1723 cerae
767 1703 831 1709 -—
863 1676 940 1738 IX,
973 1676 1255 1738 opobalsami
1286 1671 1347 1743 „Pa
1381 1676 1449 1723 VI.
1509 1676 1631 1723 Haec
1663 1679 1787 1724 simi-

193 1747 300 1794 liter
330 1754 382 1793 ut
414 1761 552 1808 supra
582 1748 753 1807 scripta
787 1748 1007 1793 conficies
1039 1753 1085 1793 et
1108 1746 1334 1793 recondes
1359 1754 1404 1792 et
1429 1746 1642 1793 similiter
1664 1747 1788 1794 lenta

194 1823 240 1863 et
278 1816 424 1863 calida
460 1831 596 1863 manu
629 1817 888 1877 perfricans
920 1817 975 1862 ad
1007 1816 1255 1877 placandos
1287 1831 1338 1862 ac
1370 1817 1652 1878 reparandos
1683 1831 1786 1863 ner-

193 1901 275 1933 vos
313 1888 473 1933 uteris.
1810 1899 1851 1931 25

337 1955 518 2017 Stirpes
550 1955 781 2002 brassicae
813 1970 918 2002 cum
943 1955 1176 2002 radicibus
1202 1957 1298 2001 suis
1323 1954 1583 2001 comburito
1608 1970 1787 2002 earum-

195 2040 285 2086 que
332 2027 537 2071 cinerem
583 2033 712 2071 aceto
758 2027 1054 2086 conspargito
1097 2032 1143 2071 et
1180 2025 1357 2071 adiecta
1395 2031 1551 2071 vetere
1589 2028 1786 2086 axungia

194 2095 411 2156 subigito,
442 2095 487 2140 id
520 2094 744 2155 malagma
775 2097 1045 2155 impositum
1080 2109 1247 2141 nervos
1272 2094 1581 2140 valentissime
1607 2094 1785 2141 solidat.

338 2164 561 2218 Quercini
598 2164 709 2225 ligni
741 2165 974 2211 combusti
1012 2166 1216 2211 cinerem
1253 2166 1331 2225 qui
1368 2166 1473 2210 vino
1505 2170 1551 2210 et
1588 2163 1688 2210 oleo
1721 2165 1786 2211 di-

193 2234 334 2280 luerit
365 2233 643 2295 doloresque
668 2248 917 2280 nervorum
942 2249 993 2281 ea
1018 2237 1238 2280 unctione
1261 2233 1574 2294 perfricuerit,
1606 2249 1784 2280 summa
1808 2248 1852 2278 30

195 2303 432 2350 celeritate
471 2303 724 2350 sanabitur.
787 2304 978 2350 Stercus
1016 2306 1256 2365 caprinum
1296 2302 1430 2349 melle
1468 2305 1663 2349 mixtum
1700 2305 1783 2349 im-

193 2375 491 2434 positumque
531 2379 813 2434 suppuratos
850 2388 1018 2420 nervos
1057 2372 1332 2434 expurgabit
1369 2379 1415 2418 et
1453 2372 1507 2418 ad
1540 2374 1784 2419 sanitatem

193 2457 343 2503 usque
385 2442 624 2503 perducet.
705 2450 709 2453 ’

335 2512 385 2557 Si
429 2514 475 2558 in
522 2511 693 2558 cubitis
739 2519 818 2559 aut
863 2512 1072 2559 articulis
1117 2519 1196 2558 aut
1240 2525 1531 2572 quacumque
1574 2514 1784 2572 corporis

193 2587 325 2642 parte
372 2595 622 2627 nervorum
675 2584 932 2628 contractio
984 2582 1167 2627 dolores
1220 2579 1477 2642 exhibebit,
1529 2580 1784 2628 lumbricos
1806 2593 1847 2625 35

193 2657 289 2696 tres
334 2656 547 2696 terrenos
593 2666 699 2697 cum
741 2651 876 2697 melle
915 2654 1050 2697 tritos
1088 2650 1372 2710 malagmatis
1410 2650 1546 2696 modo
1584 2652 1786 2712 impone,

194 2733 377 2765 omnem
417 2719 624 2765 dolorem
662 2720 838 2767 mollito
877 2722 1030 2782 rigore
1069 2719 1265 2766 sedabis.
