1930 3008
167 383 192 420 8

166 523 190 560 9

140 661 190 699 10

132 1848 182 1884 11

129 2404 178 2440 12

836 139 893 145 -
972 111 1071 161 368
1144 69 1271 146 -Ᾰ

223 237 340 281 cinis
377 234 640 283 levissimus
678 237 881 284 admixto
920 240 1144 299 sanguine
1183 237 1358 285 bubulo
1401 237 1622 285 subactus
1654 246 1700 286 et
1729 224 1823 286 ini-⁸

221 306 415 365 positus.

364 374 603 422 Vettonica
641 390 746 423 cum
786 391 902 438 aqua
941 376 996 423 ad
1035 378 1197 423 tertias
1236 377 1426 423 decocta
1465 391 1516 423 ac
1547 379 1679 438 potui
1709 378 1815 425 data

221 446 417 505 ipsaque
456 459 561 491 cum
594 445 833 492 decoxerit
861 448 971 493 trita
1004 453 1142 508 atque
1174 447 1382 508 adposita
1411 446 1642 508 podagrae
1671 447 1814 508 pluri·

222 528 350 560 mum
394 515 622 562 medetur.
688 515 842 562 Herba
887 517 1092 578 senecio,
1139 530 1257 577 quae
1298 518 1345 562 in
1383 516 1551 577 tegulis
1590 519 1854 580 nascitur,5

222 598 329 630 cum
361 584 454 630 sale
485 587 595 631 trita
625 586 724 631 vice
754 585 1041 645 malagmatis
1070 588 1284 647 imposita
1316 586 1579 647 podagricis
1609 586 1812 647 prodest.

362 653 583 714 Malagma
628 657 1006 714 potentissimum
1051 655 1108 702 ad
1154 656 1425 716 podagram,
1471 655 1525 701 ad
1572 656 1815 719 fracturas,

222 722 277 768 ad
322 730 552 784 tumoreS,
597 724 653 770 ad
699 724 1040 786 condylomata,
1086 727 1224 771 etiam
1269 725 1323 771 ad
1370 727 1552 771 renium
1593 725 1814 790 dolorem,

222 794 260 838 si
290 792 384 838 illic
414 795 694 856 imponatur,
733 795 856 855 quod
888 795 991 841 fieri
1021 801 1205 855 oportet
1235 795 1481 857 speciebus
1515 795 1635 841 infra
1667 796 1811 856 scrip-

219 863 280 908 tis
319 864 407 909 sic:
445 862 654 924 Asphalti
691 864 845 925 pondo
886 878 1044 926 unum,
1087 879 1221 911 cerae
1251 865 1404 925 pondo
1434 879 1595 922 unum,
1626 866 1808 911 resinae
1833 879 1895 910 ιο·

220 932 476 979 colofoniae
513 933 667 994 pondo
706 948 864 996 unum,
901 935 1021 994 picis
1059 933 1267 980 Bruttiae
1305 934 1459 995 pondo
1490 948 1649 996 unum,
1689 934 1810 980 chal-

219 1002 375 1048 citidis
411 1002 460 1048 P.
491 1002 531 1064 1,
571 1017 761 1063 spumae
800 1005 981 1064 argenti
1018 1006 1328 1066 sescunciam,
1367 1018 1583 1050 cerussae
1621 1018 1810 1051 sescun-

218 1073 351 1134 ciam,
389 1071 605 1118 aluminis
642 1073 834 1118 rotundi
867 1075 1171 1134 sescunciam,
1209 1072 1424 1119 aluminis
1456 1075 1591 1119 scissi
1622 1087 1810 1120 sescun-

217 1142 358 1203 ciam,
395 1143 567 1203 misyos
606 1143 918 1205 sescunciam,
956 1141 1099 1203 gallae
1139 1144 1450 1204 sescunciam‚
1488 1144 1582 1203 opii
1619 1145 1810 1189 seminis

217 1212 523 1272 sescunciam,
555 1213 835 1272 opopanacis
867 1213 1171 1274 sescunciam,
1203 1212 1326 1258 aloes
1351 1214 1655 1274 sescunciam,
1685 1227 1810 1274 myr-
1833 1225 1872 1258 15

216 1294 295 1325 rae
335 1282 646 1343 sescunciam,
685 1283 805 1327 turis
844 1281 1087 1327 masculini
1126 1284 1436 1344 sescunciam,
1474 1281 1646 1328 herbae
1684 1296 1809 1328 man·

215 1350 439 1410 dragorae
468 1376 527 1382 —-
554 1350 573 1395 I
599 1350 643 1413 S,
667 1352 787 1397 aceti
812 1351 932 1412 quod
960 1352 1172 1398 sufficiat.
1211 1351 1337 1406 Quae
1362 1351 1595 1398 tundenda
1621 1351 1809 1413 fuerint,

215 1420 385 1466 tundes
431 1426 478 1466 et
521 1434 707 1482 cernes,
757 1435 874 1482 quae
912 1421 1270 1484 liquefacienda,
1315 1421 1369 1467 ad
1412 1422 1565 1481 ignem
1604 1421 1808 1468 resolves

216 1497 263 1535 et
293 1489 440 1535 colata
471 1491 517 1535 in
549 1504 693 1536 unum
724 1490 1031 1551 permiscebis
1061 1498 1108 1537 et
1138 1491 1232 1536 leni
1262 1505 1430 1551 vapore
1459 1492 1579 1551 ignis
1604 1492 1808 1538 tenuiter

216 1559 451 1620 decoques
490 1565 537 1605 et
573 1565 703 1606 aceto
741 1559 962 1621 paulatim
1001 1574 1304 1623 consperges3
1343 1560 1509 1607 deinde
1541 1561 1683 1607 facies
1714 1567 1806 1607 tro·
1830 1573 1871 1604 20

216 1628 420 1690 chiscos,
473 1631 555 1690 qui
598 1629 798 1676 habeant
843 1629 1015 1691 singuli
1053 1656 1117 1662 —
1157 1630 1311 1692 binas,
1357 1645 1495 1692 qUOS,
1541 1645 1647 1676 cum
1692 1645 1806 1677 usus

215 1700 436 1761 exegerit,
467 1698 561 1744 leni
594 1700 700 1759 igne
731 1699 935 1746 resolves
967 1705 1013 1746 et
1043 1701 1110 1746 sic
1140 1699 1338 1761 pedibus
1370 1699 1653 1760 malagmatis
1676 1714 1805 1746 more

214 1782 439 1829 impones.

355 1837 629 1884 Remedium
666 1845 1055 1899 praesentaneum
1093 1839 1148 1885 ad
1186 1839 1436 1900 podagram
1475 1844 1521 1884 et
1555 1852 1804 1884 nervorum

214 1913 261 1953 et
303 1907 462 1953 lateris
508 1915 554 1954 et
590 1910 774 1955 renium
820 1915 866 1954 et
902 1908 1168 1955 lumborum
1206 1908 1388 1954 dolores
1427 1914 1474 1954 et
1510 1908 1566 1954 ad
1605 1915 1806 1954 strumas
1829 1922 1868 1952 25

214 1982 261 2023 et
291 1977 346 2022 ad
378 1977 614 2037 parotidas
645 1985 692 2024 et
721 1978 959 2038 paniculas
991 1981 1080 2025 sic:
1117 1978 1355 2024 Pumicem
1386 1979 1630 2040 marinum,
1668 1977 1805 2024 bacas

211 2045 351 2108 lauri,
400 2048 668 2107 aeruginem
717 2062 864 2109 aequo
910 2048 1116 2108 pondere
1155 2047 1415 2094 contundes
1453 2053 1499 2094 et
1534 2052 1660 2093 teres
1698 2062 1803 2093 curn

210 2117 373 2177 pipere
412 2123 457 2163 et
496 2117 603 2179 sale,
643 2124 867 2178 quantum
899 2119 1157 2164 aestimaris
1187 2131 1324 2179 posse
1357 2117 1594 2178 sufficere3
1633 2116 1803 2162 adicies

212 2194 258 2232 et
294 2187 412 2247 picis
451 2186 594 2232 durae
633 2194 680 2233 et
710 2187 802 2233 olei
833 2196 878 2234 et
908 2187 1057 2234 mellis
1087 2187 1374 2248 aliquantum
1406 2194 1452 2233 et
1482 2185 1619 2232 simul
1650 2188 1802 2232 omnia

211 2269 361 2316 usque
392 2255 447 2311 ad
480 2256 831 2316 spissitudinem
863 2257 1095 2318 decoques
1120 2264 1166 2303 et
1189 2256 1335 2303 colata
1358 2270 1465 2302 cum
1489 2255 1588 2301 oleo
1614 2255 1802 2316 Syriaco
1825 2270 1866 2300 30

212 2324 401 2385 subiges
439 2332 486 2372 et
520 2340 606 2386 pro
646 2326 930 2388 malagmate,
968 2342 1073 2373 cum
1113 2341 1230 2387 opus
1268 2326 1422 2387 fuerit,
1459 2326 1620 2371 uter1s.

351 2394 635 2455 Compositio
666 2395 976 2442 Mithridatica
1008 2396 1064 2443 ad
1094 2396 1343 2457 podagram
1374 2402 1421 2441 et
1450 2408 1697 2440 nervorum
1723 2394 1800 2440 do-

210 2463 334 2510 lores
373 2471 418 2510 et
456 2467 799 2511 contractiones
837 2468 926 2512 sic:
972 2465 1115 2512 Cerae
1154 2466 1336 2511 unciam
1374 2478 1534 2526 unam,
1572 2463 1800 2510 medullae

211 2535 422 2579 cervinae
461 2534 727 2581 drachmam
765 2534 798 2596 I,
836 2535 985 2596 adipis
1014 2536 1202 2581 ursinae
1233 2533 1499 2580 drachmam
1529 2532 1562 2596 1,
1601 2535 1802 2580 cinnami

211 2748 247 2790 G
353 2699 401 2758 lq
433 2694 522 2735 leni
551 2697 729 2749 scripsi:
767 2696 856 2739 levi
889 2695 1139 2739 Oornarius.
1298 2699 1350 2736 22
1381 2695 1472 2737 leni
1501 2696 1675 2749 scripsi.-
1712 2695 1800 2737 levi

247 2761 462 2791 ornamus.
