1930 3008
821 147 1200 198 —308—

124 286 175 323 14
207 276 313 337 quis
350 274 516 336 laqueo
553 277 694 323 vitam
724 277 912 323 finierit.
966 275 1129 323 Colum
1160 280 1292 322 sanat
1321 289 1428 321 cum
1459 275 1615 335 pinnis
1645 287 1804 335 upupa

206 350 369 392 exusta
401 350 448 392 et
479 360 533 392 ex
566 348 672 392 vino
705 347 824 393 cinis
854 348 956 393 eius
985 347 1119 407 potui
1147 345 1304 407 datus3
1334 343 1639 391 hirundinum
1664 345 1806 390 etiam

207 421 391 462 stercus
421 416 471 461 in
501 415 606 462 cibo
637 416 709 463 vel
738 418 786 463 in
817 422 932 478 potu
963 422 1202 476 sumptum
1229 414 1396 463 tribuit
1419 413 1520 461 colo
1545 415 1804 461 sanitatem.

126 494 178 533 15
349 484 450 532 Hoc
488 486 749 533 antidotum
784 488 880 532 sive
912 487 1198 548 oxyporium,
1237 485 1362 546 quod
1393 483 1590 546 busagos
1619 483 1807 548 dicitur,

207 555 318 602 facit
370 554 427 602 ad
483 556 574 602 coli
621 556 885 603 inflationes
931 561 978 602 et
1021 555 1077 602 ad
1127 555 1455 618 digestionem,
1502 554 1628 601 unde
1671 565 1851 601 mane5

205 626 394 671 ieiunus
441 627 643 687 accipies
688 627 919 687 catapotia
959 627 1049 672 tria
1086 625 1409 686 magnitudine
1447 625 1581 686 grani
1617 625 1807 685 piperis.

207 693 466 742 Conficitur
503 697 592 743 sic:
650 695 856 757 Nepetae
904 719 957 730 -
992 695 1076 755 ΙΙΙ,
1112 695 1240 757 pulei
1275 696 1448 742 veteris
1489 720 1549 728 —
1582 693 1660 758 111,
1697 693 1810 756 liby-

209 765 317 811 stici
355 766 548 812 seminis
582 791 643 799 —
676 765 775 829 IIII,
812 765 1078 828 petrosilini
1110 791 1170 798 —-
1204 765 1238 828 l,
1276 767 1369 827 apii
1407 765 1598 812 seminis
1628 790 1697 798 —-
1719 764 1740 811 I
1764 764 1811 827 S,

204 834 353 896 thymi
394 861 453 867 —
488 835 529 898 Ι,
574 837 751 897 piperis
794 862 852 869 ——
885 834 966 899 VI,
1010 835 1161 882 mellis
1207 837 1371 897 optimi
1415 850 1510 882 non
1548 834 1812 896 despumati

206 904 332 965 quod
377 905 581 952 sufficiat
625 906 682 952 ad
727 905 1133 967 concorporandas
1176 911 1223 953 et
1259 905 1587 968 temperandas
1626 906 1808 966 species
1833 918 1873 948 10

204 974 436 1021 adicietur
474 980 520 1022 et
559 977 607 1022 in
645 975 768 1022 dolio
808 978 955 1023 vitreo
987 975 1217 1022 condetur
1248 975 1335 1023 sub
1367 975 1606 1037 signaculo
1637 973 1811 1022 haben-

205 1044 332 1107 dum,
357 1046 480 1092 sicut
502 1060 841 1107 usquequaque
866 1045 1030 1093 haberi
1053 1045 1226 1093 debent
1248 1047 1468 1093 universa
1491 1045 1809 1092 medicamina.

122 1124 173 1162 16
252 1125 259 1130 ·
346 1114 416 1161 Ad
454 1115 579 1161 ileon
618 1115 691 1162 vel
728 1115 883 1162 colum
919 1115 1059 1162 bacas
1095 1115 1212 1162 lauri
1252 1122 1357 1163 octo
1397 1115 1616 1163 concides
1653 1122 1701 1161 et
1735 1129 1810 1161 co·

212 1198 328 1245 ques
365 1186 414 1230 in
453 1186 550 1230 vini
587 1185 828 1232 subdulcis
867 1185 1047 1247 cyathis
1084 1185 1236 1232 tribus
1274 1193 1322 1233 et
1358 1185 1633 1233 calefactum
1667 1199 1723 1231 ex
1754 1198 1810 1230 eo

129 1264 178 1302 17
210 1254 432 1315 poculum
463 1255 621 1301 ieiuno
652 1254 909 1302 hibendum
939 1254 1083 1302 dabis,
1133 1255 1269 1302 Croci
1293 1250 1355 1323 9³
1379 1255 1434 1319 ΙΙ,
1463 1269 1646 1317 myrrae
1671 1249 1733 1322 91
1757 1253 1813 1316 ΙΙ,
1835 1265 1875 1298 15

210 1325 304 1385 opii
336 1318 398 1390 „9³
430 1323 471 1387 13
510 1324 691 1386 singula
724 1339 936 1386 quaeque
967 1331 1092 1372 teres
1124 1328 1373 1387 separatim
1405 1331 1451 1373 et
1479 1330 1643 1386 postea
1673 1323 1813 1372 simul

209 1400 369 1454 parata
412 1395 461 1440 in
507 1409 627 1456 aqua
671 1394 893 1442 miscebis
938 1401 1078 1456 atque
1118 1397 1168 1442 in
1205 1396 1395 1442 modum
1433 1394 1564 1442 fabae
1601 1394 1811 1456 pastillos

211 1463 360 1510 factos
411 1465 461 1511 in
513 1477 653 1511 anum
699 1467 886 1523 inicies,
933 1467 1052 1512 mire
1097 1465 1198 1512 colo
1243 1465 1544 1512 remediando
1587 1464 1811 1526 proderit.

125 1543 177 1583 18
210 1533 452 1580 Satureiae
491 1534 707 1582 surculos
737 1534 779 1581 X
808 1535 944 1582 tolles
982 1535 1133 1582 tribus
1171 1535 1343 1598 digitis,
1381 1541 1598 1582 conteres
1629 1540 1676 1581 et
1705 1535 1812 1580 vino

206 1604 400 1650 Amineo
440 1605 625 1651 sincero
663 1606 833 1652 mixtos
872 1605 973 1652 colo
1004 1604 1235 1652 laboranti
1272 1605 1403 1652 dabis
1439 1605 1681 1668 bibendos,
1720 1606 1812 1651 sin-
1835 1615 1876 1647 20

208 1687 370 1720 cerum
409 1676 492 1734 qui
527 1674 702 1721 biberit
739 1677 1009 1737 experietur
1045 1675 1319 1722 remedium.

129 1753 179 1792 19
352 1743 507 1790 Publii
542 1744 756 1806 pastillus
795 1745 993 1792 colicus:
1037 1744 1145 1806 Apii
1181 1746 1373 1792 seminis
1410 1745 1658 1808 heminam,
1696 1745 1811 1791 feni-

208 1813 303 1861 culi
353 1815 546 1861 seminis
593 1817 904 1879 quartarium,
947 1817 1125 1879 piperis
1170 1830 1313 1876 grana
1349 1814 1536 1878 XXVII,
1581 1816 1811 1862 satureiae

206 1884 338 1930 floris
374 1883 448 1930 vel
485 1886 678 1932 seminis
717 1886 1028 1949 quartarium3
1066 1887 1221 1932 omnia
1257 1886 1373 1932 haec
1407 1884 1656 1946 diligenter
1685 1890 1813 1932 teres

209 1960 256 2001 et
293 1952 514 2001 criblabis
554 1960 600 2001 et
638 1969 746 2002 cum
782 1957 945 2017 pipere
983 1955 1102 2002 bene
1134 1957 1246 2002 trito
1277 1955 1604 2018 permiscebis3
1643 1954 1810 2002 deinde
1833 1965 1875 1997 25

207 2025 258 2070 in
304 2025 527 2070 mortario
574 2027 728 2072 omnia
773 2027 951 2087 pariter
995 2041 1102 2073 cum
1140 2028 1246 2072 vino
1285 2031 1441 2073 vetere
1480 2030 1706 2087 quantum
1744 2024 1810 2071 di-

207 2093 430 2154 ligentius
468 2100 593 2141 teres
632 2101 679 2142 et
715 2095 859 2142 facies
895 2095 1105 2157 pastillos
1143 2094 1243 2158 XV,
1291 2110 1408 2156 quos
1447 2094 1664 2157 siccabis3
1703 2108 1810 2140 611111

210 2165 374 2211 siccati
411 2164 608 2227 fuerint,
654 2165 861 2226 singulos
898 2165 1106 2228 pastillos
1145 2165 1235 2212 coli
1272 2165 1431 2212 dolore
1468 2163 1697 2211 laboranti
1735 2163 1810 2210 da·

208 2231 281 2280 his
322 2233 499 2281 solutos
537 2236 586 2280 in
625 2237 774 2282 ternis
813 2236 991 2297 cyathis
1028 2237 1125 2282 vini
1164 2237 1334 2282 veteris
1371 2233 1527 2298 calidi,
1571 2234 1651 2281 sed
1688 2233 1809 2281 bene

210 2317 290 2349 eos
322 2303 487 2367 solves,
518 2310 571 2351 ut
601 2311 752 2353 totum
784 2305 910 2352 ebibi
938 2307 1109 2369 possit3
1147 2305 1319 2368 pastilli
1353 2309 1507 2351 autem
1538 2306 1664 2365 paris
1695 2318 1808 2365 pon·
1831 2314 1872 2345 30

208 2373 334 2420 deris
372 2388 476 2421 esse
513 2374 698 2424 debent,

125 2453 178 2490 20
352 2443 517 2491 Salicis
555 2444 773 2492 foliorum
812 2446 1049 2507 dragmam
1083 2459 1190 2492 cum
1220 2445 1396 2506 piperis
1427 2445 1583 2504 granis
1616 2442 1723 2488 XXI
1753 2457 1810 2490 ex

208 2515 315 2560 vino
355 2513 605 2575 diligenter
642 2521 768 2562 teres
806 2522 853 2563 et
890 2516 1047 2562 triduo
1084 2521 1181 2562 tres
1218 2515 1432 2575 potiones
1471 2527 1527 2559 ex
1563 2528 1617 2559 eo
1648 2513 1809 2560 biben-

352 2638 374 2675 1
407 2636 588 2689 utpupa.
683 2641 708 2678 2
740 2636 1045 2678 herundinum.
1141 2639 1166 2676 3
1198 2634 1306 2687 puto
1338 2635 1553 2686 sumptus.
1653 2637 1676 2676 7
1707 2633 1808 2675 libi—

210 2688 322 2730 61161.
497 2695 551 2733 20
583 2692 878 2734 coloraborati
906 2695 932 2734 1
942 2705 984 2735 m
1013 2703 1121 2734 corr.
1153 2694 1247 2734 2m.
1391 2694 1443 2731 22
1474 2689 1622 2732 Publii
1651 2689 1810 2744 pastil-

208 2744 277 2785 lus
317 2744 500 2801 colicus]
540 2746 638 2789 folii
675 2747 879 2801 pastillos
918 2747 1041 2790 duos.
1241 2747 1294 2787 25
1333 2746 1378 2787 ei:
1414 2748 1510 2787 tum
1539 2746 1668 2800 piper
1697 2746 1809 2788 bene

207 2799 376 2843 tritum.
493 2807 546 2844 30
576 2803 798 2856 punderis.
