1898 3016
730 107 1071 157 -45-

109 241 361 288 contritum
407 245 454 283 et
499 251 554 282 ex
600 235 734 282 melle
778 236 1034 296 inpositum
1080 235 1294 279 universa
1333 232 1489 279 ulcera
1527 233 1700 293 optime

109 316 288 372 purgat.
351 306 503 353 Alium
542 307 797 352 contritum
835 318 943 351 cum
974 302 1196 363 sulphure
1228 308 1275 348 et
1305 304 1459 348 resina
1489 301 1701 348 ulcerum
1733 307 1788 345 44

110 385 156 427 et
193 377 451 424 fistularum
491 375 726 436 quaelibet
761 376 871 421 vitia
902 373 1115 420 extrahit.
1178 371 1343 418 Vetera
1373 371 1530 418 ulcera
1563 372 1702 417 etiam
1733 377 1786 416 45

113 449 350 495 carcinosa
389 446 535 492 foveri
580 444 751 492 dehent
795 458 913 505 aqua
958 442 1124 503 calida,
1169 443 1218 488 in
1256 455 1343 502 qua
1383 446 1571 487 excocta
1611 442 1702 486 sint

70 518 269 565 sholera
316 516 522 577 diversa3
581 514 749 560 deinde
802 515 902 575 ipsa
953 512 1113 559 holera
1165 513 1273 557 trita
1322 512 1361 556 si
1404 512 1701 570 inponantur,

112 587 239 634 valde
267 591 478 648 prosunt.
527 583 694 630 Farina
726 583 809 629 lini
840 584 1031 629 seminis
1062 581 1133 627 vel
1165 581 1310 627 farina
1342 581 1440 625 ervi
1470 579 1540 625 vel
1571 579 1702 625 lenti·
1734 585 1787 623 46

112 657 241 705 culae
278 655 467 702 decocta
513 660 559 700 et
603 667 659 699 ex
704 652 839 699 melle
886 652 1094 713 adposita
1133 651 1494 711 suppurationes
1535 655 1581 695 et
1619 663 1701 710 pu-

113 725 256 774 stulas
294 725 503 772 ulcerum
543 730 693 784 sanat,
732 724 871 768 etiam
909 720 1189 782 genitalibus
1227 718 1545 765 laborantibus
1583 718 1701 764 bene

113 796 323 843 adicitur.
376 793 502 840 Cinis
532 794 695 838 vitium
728 806 835 838 cum
865 792 1062 851 axungia
1093 795 1250 836 vetere
1281 790 1512 850 inpositus
1542 796 1704 849 pustu-
1735 793 1787 830 47

52 880 92 911 ιο
114 865 180 912 las
218 878 378 911 omnes
408 865 458 909 in
488 861 694 924 qualibet
723 867 855 924 parte
886 862 1098 921 corporis
1130 865 1263 906 curat
1294 864 1340 904 et
1371 865 1513 904 sanat.
1579 856 1706 903 Folia
1737 861 1790 899 48

115 935 258 982 olivae
297 932 675 981 commanducata
711 937 757 977 et
786 932 987 992 inposita
1018 928 1256 976 ulceribus
1286 926 1582 974 manantibus
1613 940 1706 972 me·

116 1005 298 1052 dentur.
362 1002 561 1049 Oleastri
598 1000 816 1048 cauliculi
852 1001 1004 1047 teneri
1041 1000 1223 1046 decocti
1261 1004 1308 1044 et
1338 1011 1444 1044 cum
1476 996 1610 1042 melle
1640 998 1708 1042 in·
1738 1000 1792 1038 49

116 1075 255 1135 positi
300 1086 464 1119 carnes
509 1085 649 1132 supra
694 1070 853 1117 oscula
900 1072 948 1116 in
1000 1068 1272 1115 vulneribus
1326 1066 1559 1128 quaelibet
1602 1079 1707 1126 pro-

118 1143 279 1190 hibent
316 1155 600 1189 excrescere.
645 1139 799 1186 Herba
831 1139 1090 1186 chelidonia
1121 1139 1322 1184 contrita
1352 1143 1399 1183 et
1429 1150 1536 1183 cum
1567 1149 1708 1182 axun-
1741 1140 1793 1177 50

57 1226 97 1258 15
120 1214 191 1274 gia
236 1219 391 1258 vetere
436 1210 627 1257 subacta
673 1215 720 1255 et
762 1211 962 1269 inposita
1014 1207 1173 1254 ulcera
1225 1212 1407 1253 vetusta
1460 1212 1506 1251 et
1556 1206 1710 1266 putria

122 1288 289 1344 purgat
325 1288 372 1327 et
407 1287 551 1326 sanat.
616 1278 769 1325 Nuces
799 1278 1040 1338 iuglandes
1069 1282 1337 1338 perveteres
1369 1277 1594 1322 contritae
1619 1273 1710 1335 xel,
1742 1279 1793 1317 51

123 1349 245 1413 quod
291 1349 457 1396 melius
511 1356 601 1410 est,
651 1348 1058 1395 commanducatae
1109 1353 1155 1392 et
1205 1347 1434 1407 inpositae
1480 1344 1711 1405 singulare

122 1420 381 1467 remedium
425 1418 661 1465 ulceribus
704 1423 957 1478 praestant.
1024 1416 1223 1462 Glandes
1270 1415 1326 1461 de
1368 1414 1536 1460 robore
1574 1415 1711 1460 tritae
1744 1418 1796 1456 52

124 1504 229 1538 cum
267 1490 462 1550 axungia
501 1495 547 1534 et
582 1489 809 1548 inpositae
847 1487 1063 1548 duritias,
1110 1499 1225 1546 quas
1263 1483 1507 1531 cacoethes
1542 1483 1715 1530 medici

60 1573 101 1603 20
124 1566 301 1620 vocant,
325 1557 573 1604 emendant
596 1564 642 1603 et
664 1558 938 1617 reprimunt.
990 1555 1071 1601 Pix
1096 1554 1278 1602 Bruttia
1302 1568 1407 1601 cum
1438 1553 1574 1599 melle
1605 1554 1713 1599 trita
1746 1558 1797 1596 53

124 1635 171 1675 et
214 1629 413 1689 inposita
457 1626 614 1673 ulcera
658 1627 811 1672 omnia
855 1632 1024 1686 purgat
1062 1631 1108 1671 et
1146 1630 1297 1686 sanat,
1344 1623 1506 1669 eadem
1542 1624 1620 1684 pix
1659 1637 1711 1668 ex

123 1712 209 1745 uva
246 1712 379 1758 passa
416 1701 610 1757 purgata
649 1702 695 1742 et
731 1709 837 1742 cum
876 1695 1074 1755 axungia
1110 1700 1267 1740 vetere
1306 1694 1506 1754 inposita
1548 1692 1714 1739 ulceri-

124 1767 211 1814 bus
255 1767 481 1813 medetur.
554 1765 704 1827 Aqua,
749 1766 798 1810 in
843 1779 932 1825 qua
969 1764 1217 1811 lentiscum
1256 1763 1519 1824 (lecoxeris,
1558 1762 1714 1808 ulcera
1747 1766 1801 1803 54

125 1851 242 1898 quae
281 1841 476 1897 serpunt
513 1834 690 1881 utiliter
727 1834 917 1880 fovebis.
973 1833 1156 1880 Hedera
1194 1848 1250 1880 ex
1288 1834 1392 1879 vino
1425 1833 1616 1878 decocta
1647 1830 1713 1877 ul-
1746 1836 1798 1874 55

62 1918 103 1950 25
126 1906 331 1967 ceribus,
370 1904 743 1965 quibuscumque
781 1905 1042 1966 inponitur,
1079 1903 1284 1964 prodest.
1344 1901 1470 1948 Cinis
1508 1916 1565 1948 ex
1603 1902 1715 1948 ossi·
1747 1906 1800 1944 56

124 1976 211 2023 bus
250 1989 475 2036 agnorum
512 1981 639 2020 recte
678 1972 924 2019 adhibetur
962 1972 1213 2030 ulceribus,
1254 1986 1370 2033 quae
1401 1986 1495 2018 non
1525 1971 1718 2018 trahunt

125 2047 403 2092 cicatricem.
470 2043 632 2089 Pulmo
678 2044 904 2089 arietinus
946 2042 1123 2089 calidus
1161 2042 1401 2102 adpositus
1439 2055 1604 2087 carnes
1642 2055 1716 2086 ex·
1748 2045 1799 2084 57

127 2119 391 2162 crescentes
436 2115 484 2159 in
529 2112 802 2159 vulneribus
844 2119 1068 2173 exaequat
1107 2118 1153 2158 et
1189 2113 1415 2173 reprimit.
1481 2109 1581 2156 Vim
1622 2124 1716 2156 ser·
1748 2115 1800 2153 58

127 2186 335 2246 pentium
374 2183 586 2229 ulcerum
626 2188 813 2228 coercet
851 2181 948 2228 calx
989 2183 1088 2228 viva
1125 2196 1181 2227 ex
1218 2187 1348 2227 aceto
1385 2187 1431 2227 et
1461 2179 1561 2226 oleo
1593 2194 1718 2225 rosa-

67 2267 109 2298 30
132 2268 213 2300 ceo
251 2259 506 2314 temperata
543 2258 682 2312 atque
719 2251 871 2313 inlita,
917 2266 1109 2298 rosaceo
1155 2258 1308 2297 autem
1355 2256 1401 2296 et
1445 2264 1579 2296 cerae
1618 2263 1719 2310 per·

131 2325 271 2370 mixta
309 2337 415 2369 mox
452 2322 669 2384 perducit
705 2321 761 2367 ad
799 2323 1077 2368 cicatricem.
1141 2320 1459 2367 Carcinomata
1497 2326 1723 2366 curantur
1754 2324 1805 2362 59

132 2392 323 2453 coagulo
360 2392 534 2453 leporis
573 2406 678 2438 oum
715 2393 817 2452 pari
853 2390 1060 2451 pondere
1099 2392 1330 2452 capparis,
1381 2389 1504 2450 quod
1543 2395 1722 2436 utrum-

134 2477 222 2523 que
261 2464 366 2508 vino
404 2475 646 2523 aspersum
683 2475 774 2507 una
813 2463 982 2507 teritur
1013 2467 1059 2507 et
1089 2462 1156 2506 sic
1187 2459 1448 2521 adponitur.
1507 2458 1722 2505 Carcino·
1755 2465 1807 2502 60

133 2534 283 2594 matis,
322 2546 438 2593 quae
477 2538 672 2593 serpunt
709 2532 833 2576 circa
865 2530 1036 2592 ulcera,
1075 2530 1136 2575 fel
1170 2531 1383 2576 ursinum
1416 2527 1488 2575 vel
1518 2530 1634 2575 cinis
1667 2528 1723 2574 de

71 2613 112 2645 35
135 2601 252 2647 a'sini
288 2601 458 2662 ungula
497 2608 658 2647 exusta
689 2615 772 2661 per
803 2600 1041 2661 pinnulam
1073 2599 1191 2645 bene
1222 2599 1484 2660 adponitur.
1543 2598 1722 2658 Ulcera,
1755 2605 1805 2642 61

136 2685 252 2732 quae
291 2670 522 2717 sordidata
561 2676 683 2733 sunt,
721 2671 816 2716 fimi
853 2669 1037 2716 vitulini
1074 2670 1231 2715 cinere
1270 2676 1316 2715 et
1352 2667 1570 2715 muliebri
1605 2668 1723 2714 lacte

134 2747 405 2802 purgantur.
469 2739 674 2787 Vetustis
712 2739 949 2786 ulceribus
988 2740 1217 2785 vettonica
1256 2753 1362 2785 cum
1400 2738 1493 2785 sale
1525 2739 1723 2785 contrita
1756 2743 1808 2781 62
