1898 3016
758 93 1094 144 -31-

138 227 369 283 mentum3
428 223 584 268 mittes
636 227 792 268 tamen
837 223 884 268 in
933 221 1127 268 eandem
1172 220 1307 267 ollam
1352 237 1459 268 cum
1504 230 1634 269 aceto
1680 231 1726 269 et

138 291 262 337 ferro
305 304 438 338 rosae
484 293 634 339 siccae
681 293 865 339 unciam
910 292 1050 339 semis
1095 305 1146 337 ac
1190 299 1351 351 postea
1396 291 1532 338 ollam
1578 294 1726 353 ipsam

137 361 377 421 cooperies
426 361 532 407 fimo
579 360 804 408 caballino
855 362 1056 422 recenti,
1108 362 1171 407 ita
1224 367 1275 407 ut
1327 362 1561 422 spiramen
1611 362 1724 408 illud

137 428 252 476 ollae
287 443 372 491 per
409 429 635 477 calamum
672 430 874 477 liberum
911 433 991 493 sit,
1036 430 1141 478 hoc·
1170 437 1240 477 est
1285 438 1337 477 ut
1378 445 1519 492 supra
1557 431 1725 478 molem

91 497 259 549 sillam
295 499 391 545 fimi
428 499 663 562 caballini,
708 515 800 561 quo
848 501 990 547 suerit
1028 499 1114 546 olla
1152 501 1405 547 constricta
1442 500 1514 547 vel
1550 509 1724 563 operta,

134 567 284 614 solum
315 570 547 629 spiramen
579 571 794 632 emineat,
826 576 877 616 ut
907 584 1092 631 semper
1121 569 1289 616 habeat
1312 569 1567 616 anhelitum
1592 572 1722 631 quin-

134 637 284 684 decim
332 638 516 701 diebus,
562 639 733 700 quibus
778 653 970 686 necesse
1017 646 1108 701 est,
1154 646 1206 686 ut
1249 641 1298 686 in
1342 640 1449 686 fimo
1495 639 1572 686 illo
1620 655 1724 701 per-

23 718 59 729 ‘'
133 713 334 770 severet3
371 722 477 754 nam
508 710 696 755 omnino
727 708 1010 770 observabis,
1048 723 1106 755 ne
1138 723 1358 770 umquam
1395 709 1486 755 illis
1519 708 1599 755 XV
1630 710 1722 756 die-

130 775 220 822 bus
250 776 560 838 deoperiatur.
610 777 748 824 Sexta
779 778 958 825 decima
989 779 1063 825 die
1094 778 1229 825 tolles
1260 779 1394 825 ollam
1426 779 1482 825 de
1514 786 1722 826 stercore

69 863 110 894 10
132 844 209 892 illo
240 853 286 892 et
316 846 562 908 diligenter
597 847 858 906 mundabis,
892 863 950 894 ne
982 848 1094 909 quid
1126 847 1219 894 illic
1251 847 1491 894 sordidum
1521 848 1724 911 haereat,

132 921 178 962 et
221 930 328 963 cum
371 918 647 978 patefeceris
692 917 848 981 ollam,
892 919 1049 964 mittes
1094 919 1142 963 in
1188 932 1287 964 eam
1333 917 1525 964 feniculi
1562 918 1723 964 viridis

133 999 312 1049 sucum,
351 994 519 1048 quanta
559 994 629 1034 est
658 1002 876 1034 mensura
906 987 1054 1034 bonae
1086 989 1288 1048 potionis
1318 989 1366 1034 in
1395 988 1523 1050 vin03
1555 987 1722 1034 deinde

133 1055 327 1115 agitabis
364 1056 443 1103 din
483 1064 529 1104 et
565 1057 738 1104 colabis
775 1057 918 1104 linteo
956 1059 1088 1104 tenui
1126 1063 1172 1103 et
1202 1059 1360 1103 mittes
1390 1058 1438 1103 in
1468 1056 1720 1104 bucculare

133 1124 249 1171 rude
288 1125 359 1171 vel
396 1126 642 1188 diligenter
678 1127 940 1188 nitidatum,
979 1127 1146 1173 deinde
1183 1127 1309 1173 lento
1347 1129 1454 1188 igne
1485 1127 1720 1188 decoques

69 1210 109 1242 ιε
133 1201 179 1240 et
223 1209 407 1255 semper
451 1196 665 1259 agitabis3
717 1211 824 1243 cum
875 1196 1213 1258 aliquantulum
1251 1198 1449 1258 coxerit,
1495 1197 1636 1243 addes
1674 1198 1722 1242 in

133 1266 388 1311 sextarium
424 1266 743 1313 medicaminis
781 1267 870 1313 tria
909 1266 1134 1313 coclearia
1171 1266 1320 1312 mellis
1359 1267 1522 1327 optimi
1554 1267 1720 1327 despu-

131 1335 243 1380 mati
287 1340 334 1380 et
377 1336 550 1382 iterum
587 1336 834 1397 diligenter
870 1337 1150 1396 coagitatum
1191 1350 1391 1396 repones
1435 1338 1484 1381 in
1522 1336 1722 1397 ampulla

130 1403 276 1449 vitrea
313 1411 392 1451 aut
428 1405 594 1467 pyxide
631 1420 805 1467 cuprea
842 1420 894 1453 ac
925 1405 1012 1452 sub
1044 1405 1280 1466 signaculo
1311 1404 1504 1451 habebis
1539 1412 1585 1452 et
1615 1420 1721 1452 cum

132 1486 249 1532 opus
294 1473 456 1537 fuerit,
500 1475 556 1522 ad
602 1475 843 1536 caliginem
889 1483 935 1522 et
978 1474 1242 1536 albuginem
1282 1475 1615 1535 detergendam
1652 1477 1719 1521 in-

67 1558 109 1589 20
131 1543 278 1589 terius
316 1544 476 1591 oculos
513 1546 724 1606 inunges.
775 1545 844 1592 Ad
875 1551 1169 1606 praesentem
1201 1551 1356 1591 autem
1393 1546 1620 1606 impetum
1650 1545 1721 1591 vel

131 1611 359 1676 dolorem,
404 1616 612 1675 quamvis
658 1614 905 1661 vehemens
951 1616 1030 1678 sit,
1079 1614 1283 1675 desuper
1336 1614 1495 1660 oculos
1538 1614 1720 1661 inlines.

130 1679 262 1735 Quod
300 1684 341 1728 si
377 1684 563 1744 grandis
601 1685 756 1730 fervor
793 1684 1037 1731 oculorum
1082 1691 1128 1730 et
1165 1698 1297 1731 acres
1340 1684 1411 1730 vel
1448 1684 1720 1745 frequentes

129 1750 344 1798 lacrimae
383 1761 534 1816 erunt,
572 1755 710 1800 etiam
746 1760 955 1816 tempora
994 1760 1040 1800 et
1078 1754 1278 1800 frontem
1313 1754 1618 1800 medicamine
1651 1756 1717 1800 in‘

130 1819 269 1883 lineS‚
304 1823 368 1868 ita
405 1829 458 1869 ut
494 1824 543 1869 in
580 1823 654 1869 die
691 1823 764 1870 vel
801 1830 965 1885 quater
1003 1823 1283 1886 superlinas,
1322 1829 1369 1870 et
1405 1838 1512 1869 cum
1549 1825 1718 1869 siccata

69 1904 110 1936 25
133 1890 274 1937 fuerit
310 1892 553 1953 super-litio
591 1894 711 1955 ipsa,
756 1907 848 1940 non
894 1894 1022 1940 elues
1068 1907 1190 1955 eam,
1235 1893 1316 1939 sed
1355 1907 1541 1954 semper
1578 1893 1718 1939 addes

130 1973 294 2006 novam
349 1962 678 2009 inductionem.
763 1962 895 2017 Quod
948 1964 988 2009 si
1039 1962 1192 2009 scabri
1240 1962 1364 2009 oculi
1414 1963 1589 2008 fuerint
1641 1972 1719 2009 aut

128 2043 323 2092 vermes,
362 2033 442 2092 qui
477 2031 721 2093 palpebras
760 2038 964 2094 exarent,
1002 2039 1048 2079 et
1076 2032 1184 2078 inde
1215 2033 1275 2078 sit
1304 2038 1462 2078 tumor
1492 2033 1717 2094 invectuS,

128 2098 233 2145 cilia
263 2103 506 2161 superiora
536 2107 582 2148 et
612 2102 845 2164 inferiora,
875 2102 923 2148 id
951 2108 1023 2148 est
1044 2101 1288 2162 palpebras
1311 2104 1449 2162 ipsas,
1473 2101 1554 2148 ubi
1579 2116 1716 2148 causa

127 2167 402 2217 valetudinis
447 2177 538 2232 est,
582 2173 801 2232 inunges:
846 2173 1101 2232 experieris
1143 2171 1198 2217 ad
1237 2172 1389 2218 omnia
1427 2171 1523 2217 fere
1563 2171 1717 2218 oculo-

66 2251 107 2284 ω
128 2252 231 2285 rum
269 2241 378 2287 vitia
413 2242 663 2288 mirificum
700 2241 1104 2303 medicamentum,
1143 2242 1183 2287 si
1219 2247 1374 2287 castus
1406 2247 1452 2287 et
1482 2255 1629 2301 purus
1662 2256 1715 2287 eo

128 2309 294 2371 utaris;
346 2310 402 2356 de
448 2325 539 2372 quo
584 2317 759 2373 tamen,
805 2311 915 2358 dum
959 2313 1008 2357 in
1052 2311 1160 2356 fimo
1207 2316 1298 2373 est,
1344 2312 1418 2356 vix
1456 2312 1593 2357 tertia
1638 2318 1717 2358 aut

128 2384 254 2424 certe
298 2380 449 2426 media
492 2395 600 2441 pars
644 2395 886 2427 remanere
931 2380 1089 2442 debet,
1135 2381 1197 2426 ita
1243 2381 1368 2426 enim
1413 2380 1579 2427 melius
1623 2381 1716 2427 fiet.

129 2446 241 2494 Nam
294 2455 464 2510 quanto
517 2451 623 2511 plus
675 2451 968 2497 consumitur
1019 2464 1187 2510 vapore
1241 2451 1338 2496 fimi
1388 2449 1534 2512 illius,
1587 2456 1715 2497 tanto

127 2519 273 2578 magis
310 2520 598 2567 confortatur
643 2527 690 2567 et
732 2521 837 2567 ideo
874 2522 1022 2567 maior
1060 2519 1148 2566 olla
1185 2534 1288 2565 esse
1327 2519 1477 2577 debet,
1517 2527 1568 2566 ut
1611 2535 1715 2581 pro-

66 2599 107 2632 35
129 2589 319 2648 pensius
365 2589 651 2636 medicamen
695 2591 793 2653 fiat,
847 2590 970 2652 quod
1017 2596 1063 2636 et
1107 2589 1187 2635 diu
1232 2590 1408 2635 servari
1447 2595 1632 2650 oportet
1670 2597 1716 2637 et

129 2656 286 2704 multis
322 2662 638 2707 necessarium
676 2668 760 2708 est.

266 2728 336 2774 Ad
388 2729 548 2775 oculos
600 2729 789 2776 scabros
851 2737 896 2776 et
947 2729 1192 2791 palpebras
1242 2729 1500 2790 perforatas
1546 2740 1799 2777 umore128

210 2814 460 2854 MAchmms,
482 2823 544 2847 m).
567 2817 812 2847 Hnmunmca.
1439 2814 1462 2850 6
