1898 3016
796 107 1171 156 -144-

96 243 150 280 29
183 235 409 280 venietur.
483 233 665 280 Herbae
710 234 1066 297 proserpinalis‚
1112 249 1230 295 quae
1267 235 1551 281 draconteon
1590 235 1776 299 dicitur,

183 305 411 350 contritae
442 318 556 350 suco
586 304 840 350 admisceto
872 304 1039 350 salsam
1063 318 1228 366 aquam
1253 311 1299 351 et
1323 304 1412 350 olei
1441 319 1606 365 parum
1637 310 1775 366 atque

182 373 289 419 inde
327 373 532 434 linguam
572 380 619 419 et
656 388 773 434 quae
812 380 922 420 sunt
963 375 1086 420 circa
1130 373 1334 435 linguam
1380 381 1425 421 et
1468 374 1626 421 fauces
1671 389 1775 435 per-

95 451 151 488 30
182 443 361 505 fricato,
393 443 542 490 donec
564 450 731 505 vomat,
763 445 839 489 cui
869 443 1132 506 medebere‚
1163 446 1256 490 cito
1281 443 1533 490 sanabitur.
1578 444 1773 491 Alumen

182 514 345 559 tritum
391 527 447 559 ex
491 527 632 573 posca
677 514 1014 574 gargarizatum
1060 515 1254 574 anginae
1299 513 1526 560 molestiis
1570 514 1775 574 prodest.

94 590 148 627 31
181 582 286 628 Lini
331 597 492 629 semen
538 590 584 628 et
629 583 850 628 anethum
895 597 1002 629 cum
1051 583 1145 629 sale
1191 591 1236 630 et
1280 583 1382 630 oleo
1428 591 1475 630 et
1520 591 1651 630 aceto
1699 584 1776 630 de-

95 660 149 696 32
182 657 366 699 coctum
411 651 531 698 bene
576 659 739 698 contra
777 653 980 699 saucium
1019 652 1202 699 dolores
1239 653 1560 714 gargalizatur.
1631 652 1775 700 Nucis

180 721 412 782 iuglandis
457 721 614 768 nuclei
657 723 759 769 triti
802 737 908 768 cum
954 728 1058 769 ruta
1104 730 1151 769 et
1195 722 1296 769 oleo
1334 724 1525 783 inpositi
1562 722 1775 770 saucibus

94 799 148 836 33
180 797 392 853 prosunt.
450 791 692 838 Ruborum
731 792 886 838 caules
916 794 1067 839 teneri
1096 798 1315 839 teruntur
1346 807 1582 854 sucusque
1613 807 1773 839 eorum

181 876 432 922 expressus
478 867 525 907 et
562 863 610 907 in
648 862 743 908 sole
783 863 1060 924 coagitatus,
1104 862 1252 909 donec
1291 864 1521 923 spissetur
1558 862 1615 908 ad
1653 877 1774 908 cras-

182 932 436 978 situdinem
474 931 644 994 mellis,
692 931 748 977 ab
794 933 1019 978 interiore
1061 939 1193 992 parte
1238 932 1451 979 faucibus
1495 938 1542 978 et
1577 934 1776 993 gingivis

93 1007 151 1044 34
180 1001 342 1047 inlitus
378 1001 632 1062 plurimum
671 1001 876 1062 prodest.
938 1001 1100 1048 Pullus
1138 1002 1403 1048 hirundinis
1441 1001 1667 1048 silvestris
1705 1001 1778 1048 vel

178 1071 346 1117 melius
379 1072 420 1117 si
442 1071 704 1133 ripariolae,
735 1077 863 1117 certe
887 1073 1026 1117 etiam
1049 1071 1344 1134 domesticae,
1376 1086 1510 1118 assus
1533 1071 1605 1117 vel
1628 1071 1776 1118 elixus

182 1146 419 1187 comestus
463 1142 679 1201 anginam
726 1140 1016 1187 velocissime
1063 1142 1419 1202 certissimeque
1465 1146 1615 1202 sanat,
1662 1141 1774 1187 adeo

178 1215 231 1256 ut
267 1210 503 1256 homiuem
542 1209 600 1256 ab
637 1210 727 1257 hoc
764 1210 928 1256 morbo
966 1224 1052 1271 per
1089 1216 1239 1257 totum
1278 1225 1451 1257 annum
1489 1212 1775 1257 tutissimum

176 1285 396 1340 praestet.

90 1356 146 1393 35
319 1350 388 1396 Ad
421 1350 656 1411 parotidas
688 1350 916 1396 sedandas
947 1350 1176 1411 asphodili
1206 1349 1378 1396 herbae
1409 1350 1541 1397 radix
1570 1351 1775 1397 involuta

177 1419 278 1466 lana
325 1421 455 1466 fusca
501 1426 548 1466 et
592 1421 715 1466 circa
762 1419 931 1466 collum
982 1434 1207 1481 suspensa
1259 1420 1467 1466 remedio
1522 1420 1775 1482 plurimum

91 1496 146 1532 36
178 1492 281 1538 crit.
318 1489 559 1536 Brassicae
585 1491 756 1550 stirpes
783 1488 900 1548 [sive
925 1488 1131 1550 stipites]
1156 1490 1385 1536 arefactae
1409 1489 1481 1536 vel
1505 1489 1774 1537 combustae

178 1565 224 1605 et
267 1561 316 1605 in
361 1559 601 1620 pulverem
640 1559 855 1605 redactae
898 1566 944 1605 et
981 1574 1088 1606 cum
1125 1561 1322 1620 axungia
1361 1566 1518 1606 vetere
1556 1559 1774 1606 subactae

178 1636 317 1690 atque
363 1629 614 1690 emplastro
659 1629 857 1675 alutacio
901 1628 1193 1690 parotidibus
1238 1631 1466 1689 inpositae
1515 1631 1627 1676 satis
1667 1644 1775 1690 pro·

93 1705 146 1742 37
179 1706 304 1746 sunt.
369 1698 552 1759 Lupino
591 1699 737 1745 crudo
777 1699 911 1745 deme
948 1698 1178 1745 folliculos
1216 1705 1354 1759 atque
1393 1714 1450 1745 ex
1487 1714 1542 1745 eo
1581 1699 1774 1745 farinam

179 1770 502 1815 tenuissimam
541 1769 694 1832 facito,
733 1783 871 1829 quam
908 1768 1045 1814 melle
1084 1768 1322 1815 subactam
1353 1771 1453 1815 vice
1489 1769 1775 1830 malagmatis

178 1838 472 1899 parotidibus
511 1839 730 1901 adponas,
765 1839 987 1884 continuo
1020 1838 1205 1884 dolores
1237 1845 1539 1899 tumoresque
1570 1838 1775 1901 sedabis;

178 1909 304 1954 idem
342 1914 547 1969 praestat
586 1915 632 1955 et
670 1923 776 1955 cum
815 1915 946 1954 aceto
986 1908 1207 1955 decoctus
1245 1908 1553 1969 similiterque
1591 1908 1772 1970 adposi-

93 1984 148 2022 38
178 1984 269 2025 tus.
322 1978 476 2025 Herba
508 1978 709 2024 verbena
741 1992 848 2024 cum
878 1978 1142 2039 plantagine
1171 1980 1220 2024 in
1252 1993 1332 2024 ore
1363 1980 1563 2025 contrita
1594 1978 1774 2024 adiecto

178 2048 362 2094 modico
397 2048 505 2094 salis
535 2063 620 2109 pro
646 2047 896 2109 emplastro
921 2048 1130 2108 adposita
1161 2048 1396 2109 parotidas
1419 2050 1537 2094 mire
1562 2048 1774 2110 discutit3

180 2132 296 2178 quas
335 2132 440 2164 cum
479 2120 731 2180 aperuerit,
771 2118 979 2164 detracto
1019 2118 1113 2164 sale
1145 2118 1238 2164 sola
1271 2120 1470 2164 contrita
1502 2124 1549 2164 et
1574 2119 1774 2178 inposita

94 2194 147 2231 39
180 2187 398 2234 celeriter
442 2188 624 2234 sanabit
668 2203 754 2233 nec
793 2189 1058 2234 cicatricem
1096 2202 1307 2248 magnam
1346 2187 1496 2234 saciet.
1566 2187 1773 2233 Noctuae

179 2259 311 2304 iecur
349 2257 597 2318 diligenter
635 2264 869 2304 servatum
908 2264 1046 2318 atque
1078 2272 1134 2303 ex
1164 2264 1402 2317 unguento
1435 2257 1630 2303 nardino
1662 2258 1772 2303 trito

180 2327 402 2373 auriculis
434 2327 632 2374 subinde
663 2328 870 2373 infusum
902 2327 1118 2374 celeriter
1147 2327 1409 2387 parotidum
1442 2328 1603 2372 vitium
1637 2340 1772 2372 omne

94 2406 150 2443 40
178 2404 410 2457 persanat.
477 2397 633 2444 Ostrei
678 2403 902 2443 testarum
949 2396 1295 2443 combustarum
1338 2397 1456 2442 cinis
1493 2410 1598 2442 cum
1638 2395 1773 2442 melle

95 2475 148 2512 41
182 2467 413 2527 inpositus
453 2467 689 2528 parotidas
737 2469 829 2513 cito
876 2466 1022 2513 solvit.
1106 2465 1235 2526 Aqua
1282 2467 1457 2512 marina
1501 2466 1656 2527 tepida
1701 2465 1774 2511 vel

180 2550 237 2581 ex
281 2539 460 2582 marino
506 2537 600 2583 sale
637 2537 808 2583 insecta
845 2536 1080 2597 parotidas
1119 2536 1294 2595 ssongia
1332 2538 1464 2597 prius
1502 2535 1626 2597 elue,
1670 2542 1772 2581 tum

291 2702 317 2738 4
348 2699 542 2753 alumen]
564 2699 711 2740 'alium
741 2699 859 2741 Plin.
949 2702 1000 2739 12
1035 2697 1270 2740 erundinis.
1367 2702 1418 2739 10
1449 2697 1640 2751 stipites]
1673 2696 1769 2738 stir-

178 2753 306 2808 pites.
422 2759 474 2796 21
508 2754 708 2798 alutatio.

1798 529 1819 561 5

1797 876 1839 908 10

1799 1225 1841 1257 15

1798 1574 1839 1604 20

1797 1920 1838 1953 25

1796 2271 1836 2301 30
