1898 3016
718 164 771 170 —
855 134 1094 185 161—

105 264 186 310 sed
223 264 393 310 tacitus
431 276 645 309 somnum
684 264 856 325 capiat3
894 263 987 309 cito
1024 261 1279 325 sanabitur,
1317 264 1358 309 si
1394 263 1483 310 hoc
1514 262 1586 310 vel
1616 266 1696 311 tri-

106 333 198 380 duo
234 333 412 379 fecerit.
484 331 756 379 Milefolium
792 333 955 379 tritum
994 346 1050 378 ex
1087 339 1218 378 aceto
1256 338 1419 393 potum
1456 334 1697 381 tussienti-
1727 344 1782 382 34

104 401 193 448 bus
222 410 360 463 atque
392 403 530 448 ctiam
562 401 800 448 stomacho
827 403 978 463 ruptis
1002 408 1049 448 et
1073 403 1345 463 sanguinem
1369 403 1696 450 excreantibus

105 471 317 534 prodest3
363 471 577 518 similiter
619 471 812 532 prodest
850 471 1220 533 quinquefolium
1258 473 1422 518 tritum
1459 479 1598 534 atque
1637 487 1698 519 ex

62 554 83 586 ο
105 555 222 602 aqua
259 542 391 603 potui
427 540 597 587 datum.

243 609 459 672 Quinque
497 624 690 656 ovorum
727 612 1021 657 incoctorum
1057 610 1204 658 vitelli
1247 625 1355 657 cum
1391 613 1487 658 vini
1523 613 1697 659 veteris
1727 622 1781 660 35

104 688 184 727 aut
227 679 368 727 mulsi
411 679 587 742 cyathis
632 679 785 726 tribus
829 682 1049 741 permixti
1093 687 1141 727 et
1181 680 1327 727 calide
1363 695 1450 741 per
1486 681 1697 728 triduum

102 751 203 811 poti
239 751 558 796 excreationes
589 755 808 796 cruentas
839 750 1100 796 emendant.
1151 749 1308 796 Nuces
1337 751 1501 811 pineae
1533 753 1697 798 inanes
1727 763 1781 800 36

103 826 324 866 contusae
369 820 418 866 in
462 818 597 865 ollam
640 821 894 866 mittuntur
946 825 993 865 et
1038 826 1153 880 quot
1197 820 1372 866 fuerint
1416 835 1583 883 nuceS,
1627 828 1697 867 tot

42 901 82 932 10
102 888 368 950 hyoscyami
412 889 576 935 unciae
622 894 670 934 et
714 902 859 950 aquae
905 890 1096 935 sextarii
1144 888 1432 952 adiciuntur3
1476 889 1591 936 haec
1639 890 1696 937 ad

101 957 275 1004 medias
313 957 641 1019 decoquuntur
678 965 817 1019 atque
855 958 964 1004 inde
1002 958 1059 1004 ad
1089 959 1235 1005 tussis
1265 959 1527 1006 remedium
1557 961 1698 1006 etiam

100 1027 301 1088 pthisico
346 1027 547 1074 bibenda
591 1029 748 1074 ieiuno
793 1028 985 1074 cottidie
1023 1029 1172 1090 potio,
1218 1030 1357 1075 etiam
1395 1043 1452 1074 ex
1490 1030 1618 1092 vine,
1657 1030 1698 1076 si

100 1111 195 1143 non
233 1104 372 1144 erunt
407 1097 583 1159 febres,
626 1096 876 1143 salubriter
914 1097 1113 1144 dabitur.
1188 1097 1239 1144 Si
1276 1097 1332 1144 de
1369 1100 1491 1144 tussi
1528 1106 1695 1146 stoma·
1727 1110 1780 1147 37

104 1166 244 1213 chum
282 1169 386 1228 quis
417 1173 496 1213 aut
526 1166 670 1213 latera
700 1166 889 1230 dolebit,
927 1167 1098 1213 herbae
1129 1169 1389 1214 vettonicae
1420 1168 1696 1216 fasciculum

41 1248 81 1279 15
104 1250 211 1283 cum
249 1238 346 1283 suis
383 1235 620 1282 radicibus
656 1237 705 1282 in
743 1236 830 1282 olla
867 1251 985 1283 nova
1023 1237 1251 1298 decoquat
1282 1251 1390 1283 cum
1421 1251 1566 1298 aquae
1596 1238 1696 1284 lixi-

103 1320 180 1352 vae
219 1303 267 1352 3
307 1305 504 1367 duobuS,
541 1306 688 1352 donec
727 1306 783 1352 ad
821 1308 983 1352 tertias
1020 1312 1369 1369 consumantur,
1411 1314 1550 1369 atque
1586 1307 1696 1354 inde

101 1375 343 1421 dimidium
383 1375 598 1436 cyathum
636 1375 871 1437 frigidum,
913 1390 1019 1422 cum
1058 1375 1217 1422 dolore
1255 1375 1516 1439 urgebitur,
1554 1375 1696 1424 bibat.

100 1443 410 1507 Vettonicam,
454 1452 689 1508 nepetam,
736 1445 946 1506 puleium
982 1445 1165 1506 aequali
1200 1459 1419 1492 mensura
1457 1460 1564 1493 cum
1601 1448 1698 1494 vini
1728 1458 1782 1496 38

102 1511 150 1560 S*
195 1513 377 1561 duobus
422 1520 468 1561 et
513 1513 621 1560 salis
665 1514 833 1576 pusillo
881 1514 938 1561 ad
984 1514 1220 1561 heminam
1269 1515 1506 1577 decoques
1554 1523 1693 1577 atque

37 1594 78 1625 20
100 1583 206 1630 inde
251 1583 480 1630 laboranti
523 1585 644 1630 tussi
695 1592 741 1631 et
785 1583 1024 1631 doloribus
1077 1584 1305 1631 stomachi
1356 1585 1547 1646 cyathos
1601 1587 1694 1632 sin-

98 1652 230 1714 gulos
267 1654 445 1715 ieiuno,
481 1660 535 1700 ut
571 1668 655 1715 per
693 1653 904 1700 cocleare
941 1653 1164 1715 paulatim
1202 1654 1443 1717 infundas,
1488 1669 1573 1715 per
1610 1657 1692 1702 tri-

98 1723 243 1769 duum
280 1722 426 1771 dabis,

238 1792 288 1838 Si
318 1807 458 1853 quem
487 1794 630 1838 tussis
660 1792 965 1839 intolerabilis
995 1799 1144 1856 vexat,
1174 1792 1231 1839 de
1262 1792 1361 1854 lupi
1383 1795 1538 1839 iecore
1562 1794 1692 1840 arido
1723 1805 1777 1844 39

98 1861 169 1908 vel
199 1868 362 1907 exusto
395 1870 618 1922 quantum
647 1862 846 1909 voluerit
875 1869 1087 1909 conterat
1111 1861 1372 1923 adiciatque
1398 1865 1570 1924 vinum,
1599 1863 1692 1910 mel

37 1941 78 1973 25
100 1937 147 1977 et
190 1944 356 1992 aquam
399 1931 603 1992 tepidam
647 1939 784 1992 atque
829 1931 937 1978 inde
982 1931 1038 1977 ad
1083 1931 1207 1978 diem
1249 1931 1466 1993 cyathum
1502 1934 1690 1980 ieiunus

98 1999 246 2062 bibat3
282 2002 405 2046 intra
441 2015 614 2062 paucos
653 2001 752 2047 dies
790 2003 907 2047 mire
945 2000 1198 2048 sanabitur.
1263 2000 1456 2048 Inventa
1492 2017 1604 2049 casu
1642 2005 1691 2050 in
1722 2011 1776 2049 40

98 2071 169 2115 via
205 2072 358 2130 portio
397 2070 452 2116 de
498 2070 654 2117 cribro
698 2072 867 2131 impari
909 2085 1104 2116 numero
1147 2071 1427 2117 foraminum
1464 2071 1581 2118 collo
1620 2073 1689 2118 in-

98 2138 235 2199 ligata
272 2141 391 2186 tussi
429 2146 475 2186 et
514 2142 715 2201 suspirio
754 2140 961 2186 remedio
998 2147 1081 2187 est.

237 2209 306 2255 Ad
350 2215 529 2256 tussem
574 2211 765 2256 nimiam
803 2216 851 2256 et
887 2215 1092 2255 veterem
1130 2209 1390 2256 remedium
1429 2211 1518 2257 sic:
1577 2210 1694 2257 Mar·
1725 2220 1779 2256 41

36 2289 76 2320 ao
99 2277 206 2324 rubi
250 2280 365 2325 sicci
401 2278 448 2326 P.
480 2279 544 2325 111
580 2281 629 2326 in
667 2279 804 2326 ollam
842 2293 1008 2325 novam
1044 2278 1235 2325 fictilem
1271 2280 1430 2325 mittes
1467 2285 1514 2326 et
1551 2294 1696 2340 aquae

99 2347 311 2394 fontanae
356 2346 404 2394 ὃ*
435 2348 579 2395 XVIII
626 2355 672 2395 et
719 2349 954 2410 decoques
998 2348 1055 2394 ad
1102 2349 1284 2411 tertias3
1334 2348 1502 2394 deinde
1546 2351 1696 2410 ipsam

101 2431 265 2477 aquam
311 2418 484 2465 colabis
530 2425 576 2465 et
622 2420 670 2464 in
718 2418 884 2465 rudem
932 2417 1068 2464 ollam
1114 2417 1307 2464 alteram
1352 2419 1508 2464 mittes
1557 2425 1698 2480 atque

105 2486 244 2532 addes
281 2487 374 2534 illic
412 2487 561 2534 mellis
600 2490 766 2549 optimi
805 2486 852 2534 8
885 2488 924 2550 I,
971 2488 1145 2549 piperiS
1190 2488 1290 2534 triti
1327 2489 1614 2535 semunciam
1651 2496 1699 2535 et

104 2556 274 2602 iterum
311 2557 367 2603 ad
404 2559 567 2604 tertias
605 2558 864 2619 decoques,
911 2565 963 2604 ut
1005 2559 1209 2618 spissum
1246 2557 1346 2619 fiat3
1390 2556 1557 2604 deinde
1595 2556 1696 2604 dili-

217 2722 237 2758 1
271 2719 440 2771 capeat.
528 2723 579 2760 10
609 2719 869 2773 hyosciami.
954 2724 1002 2760 11
1036 2718 1384 2772 dequoquuntur.
1469 2723 1519 2761 12
1544 2718 1699 2772 pisico.

102 2776 157 2813 24
188 2772 451 2826 adiciasque.

187 2850 446 2892 Maecenas,
469 2859 531 2882 En.
553 2853 800 2884 Hammon.
1395 2848 1443 2884 ll
