1898 3016
739 109 1114 161 -151—

135 246 184 291 in
220 243 356 305 aluta,
393 255 501 288 cum
539 254 657 302 opus
694 245 766 286 est
802 238 992 300 adponi;
1027 238 1167 284 tertio
1205 236 1276 283 vel
1317 242 1482 298 quarto
1520 235 1595 282 die
1633 234 1723 282 sol-

135 314 272 374 vitur,
302 313 342 358 si
370 325 465 357 non
495 310 858 371 suppuraverint
886 313 1112 369 strumae3
1145 306 1226 353 sed
1251 308 1291 352 si
1314 312 1501 367 apertae
1533 306 1723 366 fuerint,

134 382 287 429 bieme
324 380 516 427 alternis
546 379 767 440 solvetur,
795 383 970 424 aestate
1001 376 1204 423 cottidie.
1259 375 1482 436 Malagma
1513 375 1568 421 ad
1601 380 1721 421 stru·
1753 384 1807 422 99

135 465 234 498 mas
272 456 319 497 et
348 449 403 496 ad
441 463 625 495 omnem
655 448 874 495 duritiam
905 446 1201 493 relaxandam
1231 445 1478 492 mirificum
1510 446 1599 491 sic:
1636 443 1723 490 Re·

93 535 114 566 ⁶
138 522 264 567 sinae
308 518 647 566 terebinthinae
683 517 733 564 P.
763 517 826 580 11,
863 530 997 563 cerae
1035 515 1274 575 selibram,
1318 513 1546 576 propolis,
1584 527 1723 574 quam

137 590 325 651 quidam
354 602 507 635 ceram
537 601 717 634 sacram
747 592 927 648 vocant,
956 584 1004 631 P.
1027 584 1061 646 1,
1091 584 1274 645 galbani
1296 583 1344 631 P.
1367 583 1402 646 1,
1431 582 1523 629 olei
1553 584 1724 629 veteris

137 658 368 706 selibram.
413 656 537 703 Haec
568 658 721 702 omnia
751 669 860 702 cum
890 654 991 701 oleo
1022 654 1077 700 ad
1107 656 1262 714 ignem
1285 653 1517 714 liquefieri
1539 657 1726 713 oportet

136 734 183 775 et
211 733 373 789 postea
401 727 590 773 misceri
619 726 735 772 visci
763 725 820 771 de
852 738 1031 785 quercu
1060 723 1108 770 P.
1139 723 1172 785 1,
1201 723 1349 784 xiphii
1378 722 1562 783 radiciS,
1600 722 1724 782 quod

135 811 221 844 nos
257 795 503 858 gladiolum
541 794 838 857 appellamus,
874 793 923 840 P.
953 793 987 855 1,
1024 792 1229 839 saeculae
1266 794 1419 853 putris
1455 790 1504 838 P.
1534 790 1569 853 I,
1606 791 1726 837 asro·

74 881 114 912 10
137 868 248 913 nitri
298 865 443 912 librae
494 864 820 926 quadrantem,
871 863 1151 923 opopanacis
1202 861 1251 907 P.
1289 861 1322 907 Ι.
1395 859 1520 906 Haec
1572 862 1726 906 omnia

137 936 320 997 ordine,
362 949 454 997 quo
503 936 677 995 scripta
714 939 844 994 sunt,
889 934 998 978 trita
1042 930 1330 992 criblataque
1374 931 1423 975 in
1470 929 1724 976 caccabum

137 1006 453 1066 coniciuntur,
497 1017 737 1064 opopanax
781 1002 881 1048 oleo
923 1001 1118 1047 diluitur
1155 1007 1202 1046 et
1239 1000 1454 1060 solvitur3
1492 998 1574 1045 ubi
1611 1006 1726 1045 tem·

135 1080 349 1135 peratum
378 1080 451 1120 est
473 1073 876 1134 medicamentum,
905 1069 1121 1116 manibus
1145 1070 1392 1132 subigitur,
1422 1068 1587 1115 linitur
1618 1082 1725 1114 cum

137 1158 254 1205 opus
291 1149 363 1190 est
399 1143 522 1189 aluta
560 1148 606 1188 et
642 1143 709 1188 sic
746 1141 1009 1202 adponitur.

74 1226 116 1259 ιι
276 1211 514 1259 Glandulis
543 1212 684 1257 facies
713 1211 972 1257 remedium
1003 1210 1089 1255 sic:
1127 1207 1355 1270 Farinam,
1390 1206 1496 1269 mel,
1528 1221 1718 1254 crocum
1731 1217 1813 1255 100

137 1288 185 1328 et
220 1283 396 1328 caricas
433 1280 571 1328 simul
608 1282 751 1327 misce
788 1285 835 1326 et
871 1285 1062 1326 contere
1100 1283 1237 1338 atque
1275 1291 1423 1323 unum
1454 1290 1626 1336 corpus
1664 1277 1727 1322 fa-

137 1353 229 1398 cito
267 1358 314 1398 et
349 1353 413 1397 ita
449 1351 591 1396 linteo
629 1350 771 1396 inline
803 1355 850 1395 et
879 1362 1022 1408 super
1051 1346 1289 1408 glandulas
1319 1360 1454 1407 pone.
1521 1344 1719 1392 Carmen
1734 1355 1812 1394 101

137 1421 307 1467 mirum
343 1420 399 1466 ad
437 1419 675 1481 glandulas
713 1420 803 1465 sic:
860 1416 1024 1464 Albula
1061 1415 1276 1477 glandula
1321 1430 1409 1462 nec
1446 1414 1603 1461 doleas
1641 1430 1727 1462 nec

137 1504 306 1536 noceas
349 1503 436 1536 nec
473 1488 711 1549 paniculas
747 1489 912 1549 facias,
958 1486 1039 1533 sed
1077 1485 1307 1546 liquescas
1347 1492 1581 1546 tamquam
1620 1485 1731 1531 salis

73 1572 115 1604 πο
137 1560 186 1605 in
223 1574 352 1620 aqua.
407 1558 506 1604 Hoc
543 1565 616 1604 ter
653 1559 814 1604 novies
851 1557 1012 1603 dicens
1050 1569 1192 1616 spues
1229 1555 1286 1600 ad
1323 1562 1497 1600 terram
1528 1560 1576 1600 et
1605 1554 1728 1615 glan·

137 1628 268 1675 dulas
311 1630 435 1689 ipsas
489 1627 655 1689 pollice
706 1634 753 1673 et
804 1626 949 1686 digito
1000 1624 1269 1671 medicinali
1314 1623 1564 1685 perduceS,
1617 1623 1728 1670 dum

136 1712 325 1744 carmen
369 1697 507 1759 dicis,
552 1696 632 1743 sed
679 1703 784 1742 ante
829 1695 940 1742 solis
984 1703 1138 1740 ortum
1185 1699 1233 1739 et
1276 1700 1382 1754 post
1426 1707 1644 1739 occasum
1681 1693 1729 1740 id

138 1768 294 1828 facieS,
324 1772 465 1827 prout
501 1766 600 1812 dies
639 1772 718 1812 aut
747 1779 837 1811 nox
869 1766 1120 1811 minuetur.
1180 1762 1427 1809 Glandulas
1458 1777 1592 1808 mane
1624 1777 1721 1809 car·
1734 1772 1814 1810 102

138 1835 351 1897 minabis,
389 1837 428 1881 si
465 1835 565 1881 dies
602 1836 862 1896 minuetur,
899 1835 940 1880 si
975 1848 1087 1897 nox,
1125 1832 1181 1878 ad
1219 1846 1461 1893 vesperam
1499 1839 1546 1878 et
1583 1831 1727 1892 digito

74 1918 117 1949 25
141 1904 403 1951 medicinali
447 1919 499 1950 ac
543 1903 709 1965 pollice
753 1905 998 1950 continens
1043 1917 1120 1948 eas
1165 1902 1317 1947 dices:
1375 1901 1549 1947 Novem
1602 1901 1728 1962 glan·

141 1974 275 2021 dulae
320 1987 526 2036 sorores,
571 1980 675 2020 octo
723 1972 965 2033 glandulae
1010 1985 1216 2032 sororeS,
1262 1977 1441 2031 septem
1485 1970 1730 2030 glandulae

141 2057 342 2105 sororeS,
378 2057 459 2089 sex
495 2042 738 2103 glandulae
775 2056 976 2105 sorores,
1014 2042 1220 2101 quinque
1255 2039 1498 2100 glandulae
1529 2054 1732 2102 sorores,

142 2119 364 2174 quattuor
398 2111 640 2173 glandulae
687 2125 894 2174 sorores,
939 2120 1036 2157 tres
1072 2109 1316 2170 glandulae
1354 2123 1565 2172 sorores,
1611 2110 1730 2156 duae

141 2181 382 2242 glandulae
421 2196 628 2244 sorores,
673 2195 765 2227 una
801 2180 1017 2241 glandula
1054 2193 1207 2241 soror,
1246 2193 1412 2225 novem
1448 2179 1568 2225 fiunt
1604 2179 1730 2239 glan-

78 2263 119 2294 30
142 2251 297 2314 dulae,
341 2256 445 2298 octo
490 2251 609 2298 fiunt
652 2250 916 2312 glandulae,
963 2255 1141 2310 septem
1187 2250 1304 2294 fiunt
1340 2247 1604 2310 glandulae,
1650 2263 1731 2294 sex

142 2321 260 2367 fiunt
303 2320 564 2383 glandulae,
609 2322 816 2381 quinque
860 2319 979 2365 fiunt
1023 2317 1286 2380 glandulae,
1340 2323 1562 2378 quattuor
1613 2318 1732 2364 fiunt

142 2390 403 2451 glandulae,
440 2396 538 2436 tres
574 2390 694 2436 fiunt
730 2388 994 2450 glandulae,
1031 2388 1146 2433 duae
1185 2387 1304 2433 fiunt
1344 2386 1601 2449 glandulae,
1638 2401 1733 2433 una

143 2459 195 2505 fit
231 2459 457 2522 glandula,
493 2459 619 2506 nulla
656 2459 708 2506 fit
743 2458 972 2518 glandula.

280 2528 348 2574 Ad
386 2542 451 2590 ea,
489 2543 607 2589 quae
645 2528 856 2575 faucibus
894 2525 1218 2588 inhaerebunt,
1254 2525 1527 2572 remedium.
1585 2525 1635 2572 Si
1671 2535 1817 2573 03103

80 2609 123 2640 ³5
145 2603 224 2644 aut
259 2600 399 2644 arista
433 2597 638 2644 haeserit
673 2597 820 2659 gulae,
858 2597 930 2643 vel
967 2598 1081 2658 ipse,
1119 2597 1196 2642 cui
1232 2595 1467 2657 acciderit,
1505 2596 1576 2642 vel
1614 2595 1732 2642 alius

256 2749 281 2787 8
311 2743 499 2798 xiphias.
614 2748 666 2787 35
696 2744 945 2799 paniculas]
975 2742 1184 2798 paranici.
1299 2742 1507 2785 acederit.
