<?xml version="1.0" encoding="UTF-8"?>
<!DOCTYPE html PUBLIC "-//W3C//DTD XHTML 1.0 Transitional//EN"
    "http://www.w3.org/TR/xhtml1/DTD/xhtml1-transitional.dtd">
<html xmlns="http://www.w3.org/1999/xhtml" xml:lang="en" lang="en">
 <head>
  <title>
</title>
<meta http-equiv="Content-Type" content="text/html;charset=utf-8" />
  <meta name='ocr-system' content='tesseract 3.04.00' />
  <meta name='ocr-capabilities' content='ocr_page ocr_carea ocr_par ocr_line ocrx_word'/>
</head>
<body>
  <div class='ocr_page' id='page_1' title='image "./demedicamentisli00marcuoft_0122.png"; bbox 0 0 1898 3016; ppageno 0'>
   <div class='ocr_carea' id='block_1_1' title="bbox 789 98 1199 151">
    <p class='ocr_par' dir='ltr' id='par_1_1' title="bbox 789 98 1199 151">
     <span class='ocr_line' id='line_1_1' title="bbox 789 98 1199 151; baseline -0.002 0"><span class='ocrx_word' id='word_1_1' title='bbox 789 130 846 136; x_wconf 91' lang='lat'><em>-</em></span> <span class='ocrx_word' id='word_1_2' title='bbox 927 102 1028 151; x_wconf 87' lang='lat'>110</span> <span class='ocrx_word' id='word_1_3' title='bbox 1106 98 1199 135; x_wconf 64' lang='lat'>-‘</span> 
     </span>
    </p>
   </div>
   <div class='ocr_carea' id='block_1_2' title="bbox 86 228 1837 2595">
    <p class='ocr_par' dir='ltr' id='par_1_2' title="bbox 86 228 1837 2595">
     <span class='ocr_line' id='line_1_2' title="bbox 179 228 1772 291; baseline 0.001 -17"><span class='ocrx_word' id='word_1_4' title='bbox 179 228 384 290; x_wconf 85' lang='lat' dir='ltr'>inlitum,</span> <span class='ocrx_word' id='word_1_5' title='bbox 430 228 612 275; x_wconf 82' lang='lat' dir='ltr'>cocleae</span> <span class='ocrx_word' id='word_1_6' title='bbox 657 231 885 276; x_wconf 80' lang='lat' dir='ltr'>contritae</span> <span class='ocrx_word' id='word_1_7' title='bbox 931 235 977 275; x_wconf 89' lang='lat' dir='ltr'>et</span> <span class='ocrx_word' id='word_1_8' title='bbox 1022 229 1164 275; x_wconf 85' lang='lat' dir='ltr'>fronti</span> <span class='ocrx_word' id='word_1_9' title='bbox 1207 228 1364 275; x_wconf 88' lang='lat' dir='ltr'>inlitae</span> <span class='ocrx_word' id='word_1_10' title='bbox 1411 230 1626 276; x_wconf 91' lang='lat' dir='ltr'>similiter</span> <span class='ocrx_word' id='word_1_11' title='bbox 1670 245 1772 291; x_wconf 87' lang='lat' dir='ltr'>pro-</span> 
     </span>
     <span class='ocr_line' id='line_1_3' title="bbox 95 298 1773 360; baseline 0.002 -17"><span class='ocrx_word' id='word_1_12' title='bbox 95 306 146 344; x_wconf 83' lang='lat'>25</span> <span class='ocrx_word' id='word_1_13' title='bbox 180 304 303 344; x_wconf 82' lang='lat' dir='ltr'>sunt.</span> <span class='ocrx_word' id='word_1_14' title='bbox 363 299 534 345; x_wconf 88' lang='lat' dir='ltr'>Aranei</span> <span class='ocrx_word' id='word_1_15' title='bbox 570 298 659 344; x_wconf 89' lang='lat' dir='ltr'>tela</span> <span class='ocrx_word' id='word_1_16' title='bbox 698 301 821 345; x_wconf 85' lang='lat' dir='ltr'>sicca</span> <span class='ocrx_word' id='word_1_17' title='bbox 859 299 1067 360; x_wconf 83' lang='lat' dir='ltr'>adposita</span> <span class='ocrx_word' id='word_1_18' title='bbox 1105 298 1322 345; x_wconf 85' lang='lat' dir='ltr'>subvenit</span> <span class='ocrx_word' id='word_1_19' title='bbox 1352 301 1533 346; x_wconf 86' lang='lat' dir='ltr'>narium</span> <span class='ocrx_word' id='word_1_20' title='bbox 1565 301 1773 347; x_wconf 86' lang='lat' dir='ltr'>cruentis</span> 
     </span>
     <span class='ocr_line' id='line_1_4' title="bbox 177 367 1774 430; baseline 0.002 -17"><span class='ocrx_word' id='word_1_21' title='bbox 177 367 421 430; x_wconf 82' lang='lat' dir='ltr'>fluoribus,</span> <span class='ocrx_word' id='word_1_22' title='bbox 460 383 515 414; x_wconf 90' lang='lat' dir='ltr'>ex</span> <span class='ocrx_word' id='word_1_23' title='bbox 553 369 752 415; x_wconf 87' lang='lat' dir='ltr'>ferventi</span> <span class='ocrx_word' id='word_1_24' title='bbox 789 383 906 429; x_wconf 91' lang='lat' dir='ltr'>aqua</span> <span class='ocrx_word' id='word_1_25' title='bbox 945 383 1087 429; x_wconf 88' lang='lat' dir='ltr'>vapor</span> <span class='ocrx_word' id='word_1_26' title='bbox 1125 368 1316 415; x_wconf 86' lang='lat' dir='ltr'>naribus</span> <span class='ocrx_word' id='word_1_27' title='bbox 1350 375 1530 416; x_wconf 91' lang='lat' dir='ltr'>tractus</span> <span class='ocrx_word' id='word_1_28' title='bbox 1559 370 1774 416; x_wconf 88' lang='lat' dir='ltr'>medetur</span> 
     </span>
     <span class='ocr_line' id='line_1_5' title="bbox 93 437 1773 500; baseline 0.002 -17"><span class='ocrx_word' id='word_1_29' title='bbox 93 445 145 482; x_wconf 84' lang='lat'>26</span> <span class='ocrx_word' id='word_1_30' title='bbox 177 452 338 483; x_wconf 89' lang='lat' dir='ltr'>earum</span> <span class='ocrx_word' id='word_1_31' title='bbox 377 438 618 498; x_wconf 90' lang='lat' dir='ltr'>gravidini.</span> <span class='ocrx_word' id='word_1_32' title='bbox 692 438 943 484; x_wconf 89' lang='lat' dir='ltr'>Gallinacei</span> <span class='ocrx_word' id='word_1_33' title='bbox 980 437 1228 484; x_wconf 89' lang='lat' dir='ltr'>cerebrum</span> <span class='ocrx_word' id='word_1_34' title='bbox 1269 438 1338 484; x_wconf 90' lang='lat' dir='ltr'>vel</span> <span class='ocrx_word' id='word_1_35' title='bbox 1376 442 1564 500; x_wconf 89' lang='lat' dir='ltr'>sanguis</span> <span class='ocrx_word' id='word_1_36' title='bbox 1602 439 1773 486; x_wconf 91' lang='lat' dir='ltr'>colum-</span> 
     </span>
     <span class='ocr_line' id='line_1_6' title="bbox 176 506 1816 570; baseline 0 -17"><span class='ocrx_word' id='word_1_37' title='bbox 176 506 316 554; x_wconf 91' lang='lat' dir='ltr'>binus</span> <span class='ocrx_word' id='word_1_38' title='bbox 361 507 419 554; x_wconf 94' lang='lat' dir='ltr'>ob</span> <span class='ocrx_word' id='word_1_39' title='bbox 460 508 507 554; x_wconf 92' lang='lat' dir='ltr'>id</span> <span class='ocrx_word' id='word_1_40' title='bbox 547 515 759 554; x_wconf 85' lang='lat' dir='ltr'>servatus</span> <span class='ocrx_word' id='word_1_41' title='bbox 796 509 1097 568; x_wconf 90' lang='lat' dir='ltr'>remedioque</span> <span class='ocrx_word' id='word_1_42' title='bbox 1137 508 1370 554; x_wconf 88' lang='lat' dir='ltr'>adhibitus</span> <span class='ocrx_word' id='word_1_43' title='bbox 1408 509 1600 555; x_wconf 88' lang='lat' dir='ltr'>naribus</span> <span class='ocrx_word' id='word_1_44' title='bbox 1637 509 1773 570; x_wconf 85' lang='lat' dir='ltr'>prod·</span> <span class='ocrx_word' id='word_1_45' title='bbox 1797 521 1816 553; x_wconf 88' lang='lat'><strong>5</strong></span> 
     </span>
     <span class='ocr_line' id='line_1_7' title="bbox 177 578 1773 640; baseline 0.001 -17"><span class='ocrx_word' id='word_1_46' title='bbox 177 583 268 639; x_wconf 82' lang='lat' dir='ltr'>est,</span> <span class='ocrx_word' id='word_1_47' title='bbox 316 578 398 623; x_wconf 91' lang='lat' dir='ltr'>sed</span> <span class='ocrx_word' id='word_1_48' title='bbox 444 580 483 624; x_wconf 92' lang='lat' dir='ltr'>si</span> <span class='ocrx_word' id='word_1_49' title='bbox 527 592 581 623; x_wconf 91' lang='lat' dir='ltr'>ex</span> <span class='ocrx_word' id='word_1_50' title='bbox 621 578 812 624; x_wconf 88' lang='lat' dir='ltr'>vulnere</span> <span class='ocrx_word' id='word_1_51' title='bbox 851 579 1095 624; x_wconf 85' lang='lat' dir='ltr'>immodice</span> <span class='ocrx_word' id='word_1_52' title='bbox 1133 578 1246 624; x_wconf 88' lang='lat' dir='ltr'>fluat</span> <span class='ocrx_word' id='word_1_53' title='bbox 1284 581 1485 640; x_wconf 75' lang='lat' dir='ltr'>sanguiS,</span> <span class='ocrx_word' id='word_1_54' title='bbox 1527 579 1664 625; x_wconf 89' lang='lat' dir='ltr'>fimus</span> <span class='ocrx_word' id='word_1_55' title='bbox 1703 594 1773 624; x_wconf 89' lang='lat' dir='ltr'>ca-</span> 
     </span>
     <span class='ocr_line' id='line_1_8' title="bbox 91 646 1772 709; baseline 0.001 -17"><span class='ocrx_word' id='word_1_56' title='bbox 91 655 144 691; x_wconf 83' lang='lat'>27</span> <span class='ocrx_word' id='word_1_57' title='bbox 175 646 376 693; x_wconf 90' lang='lat' dir='ltr'>ballinus</span> <span class='ocrx_word' id='word_1_58' title='bbox 415 648 646 707; x_wconf 91' lang='lat' dir='ltr'>quomodo</span> <span class='ocrx_word' id='word_1_59' title='bbox 686 650 895 708; x_wconf 73' lang='lat' dir='ltr'>egeritur</span> <span class='ocrx_word' id='word_1_60' title='bbox 939 648 1178 709; x_wconf 89' lang='lat' dir='ltr'>adpositus</span> <span class='ocrx_word' id='word_1_61' title='bbox 1218 650 1373 694; x_wconf 90' lang='lat' dir='ltr'>statim</span> <span class='ocrx_word' id='word_1_62' title='bbox 1412 649 1641 695; x_wconf 86' lang='lat' dir='ltr'>subvenit.</span> <span class='ocrx_word' id='word_1_63' title='bbox 1709 648 1772 694; x_wconf 90' lang='lat' dir='ltr'>De</span> 
     </span>
     <span class='ocr_line' id='line_1_9' title="bbox 92 717 1773 778; baseline 0.002 -17"><span class='ocrx_word' id='word_1_64' title='bbox 92 724 143 762; x_wconf 83' lang='lat'>28</span> <span class='ocrx_word' id='word_1_65' title='bbox 174 731 316 778; x_wconf 92' lang='lat' dir='ltr'>porro</span> <span class='ocrx_word' id='word_1_66' title='bbox 355 719 528 763; x_wconf 89' lang='lat' dir='ltr'>sectivo</span> <span class='ocrx_word' id='word_1_67' title='bbox 568 719 679 763; x_wconf 90' lang='lat' dir='ltr'>trito</span> <span class='ocrx_word' id='word_1_68' title='bbox 719 732 856 764; x_wconf 91' lang='lat' dir='ltr'>nares</span> <span class='ocrx_word' id='word_1_69' title='bbox 894 717 1092 764; x_wconf 88' lang='lat' dir='ltr'>fluentes</span> <span class='ocrx_word' id='word_1_70' title='bbox 1132 724 1258 764; x_wconf 92' lang='lat' dir='ltr'>recte</span> <span class='ocrx_word' id='word_1_71' title='bbox 1298 718 1590 765; x_wconf 89' lang='lat' dir='ltr'>obturantur.</span> <span class='ocrx_word' id='word_1_72' title='bbox 1649 718 1773 764; x_wconf 86' lang='lat' dir='ltr'>Lana</span> 
     </span>
     <span class='ocr_line' id='line_1_10' title="bbox 176 787 1772 834; baseline 0.001 -1"><span class='ocrx_word' id='word_1_73' title='bbox 176 787 336 833; x_wconf 89' lang='lat' dir='ltr'>sucida</span> <span class='ocrx_word' id='word_1_74' title='bbox 375 788 574 833; x_wconf 86' lang='lat' dir='ltr'>coicitur</span> <span class='ocrx_word' id='word_1_75' title='bbox 611 789 659 833; x_wconf 91' lang='lat' dir='ltr'>in</span> <span class='ocrx_word' id='word_1_76' title='bbox 698 802 836 833; x_wconf 89' lang='lat' dir='ltr'>nares</span> <span class='ocrx_word' id='word_1_77' title='bbox 874 802 980 834; x_wconf 92' lang='lat' dir='ltr'>cum</span> <span class='ocrx_word' id='word_1_78' title='bbox 1016 788 1116 833; x_wconf 90' lang='lat' dir='ltr'>oleo</span> <span class='ocrx_word' id='word_1_79' title='bbox 1149 803 1341 834; x_wconf 82' lang='lat' dir='ltr'>rosaceo</span> <span class='ocrx_word' id='word_1_80' title='bbox 1374 795 1420 833; x_wconf 90' lang='lat' dir='ltr'>et</span> <span class='ocrx_word' id='word_1_81' title='bbox 1450 788 1685 834; x_wconf 82' lang='lat' dir='ltr'>auriculae</span> <span class='ocrx_word' id='word_1_82' title='bbox 1716 788 1772 834; x_wconf 91' lang='lat' dir='ltr'>de</span> 
     </span>
     <span class='ocr_line' id='line_1_11' title="bbox 174 856 1837 918; baseline -0.001 -16"><span class='ocrx_word' id='word_1_83' title='bbox 174 856 276 902; x_wconf 89' lang='lat' dir='ltr'>lana</span> <span class='ocrx_word' id='word_1_84' title='bbox 317 857 477 903; x_wconf 88' lang='lat' dir='ltr'>sucida</span> <span class='ocrx_word' id='word_1_85' title='bbox 516 857 796 904; x_wconf 88' lang='lat' dir='ltr'>obturantur</span> <span class='ocrx_word' id='word_1_86' title='bbox 834 865 880 903; x_wconf 89' lang='lat' dir='ltr'>et</span> <span class='ocrx_word' id='word_1_87' title='bbox 909 859 971 903; x_wconf 89' lang='lat' dir='ltr'>ita</span> <span class='ocrx_word' id='word_1_88' title='bbox 1005 859 1192 918; x_wconf 88' lang='lat' dir='ltr'>sanguis</span> <span class='ocrx_word' id='word_1_89' title='bbox 1222 858 1460 918; x_wconf 90' lang='lat' dir='ltr'>profluens</span> <span class='ocrx_word' id='word_1_90' title='bbox 1491 860 1772 904; x_wconf 85' lang='lat' dir='ltr'>continetur.</span> <span class='ocrx_word' id='word_1_91' title='bbox 1798 871 1837 900; x_wconf 88' lang='grc' dir='ltr'>ιο</span> 
     </span>
     <span class='ocr_line' id='line_1_12' title="bbox 91 926 1774 988; baseline 0.002 -17"><span class='ocrx_word' id='word_1_92' title='bbox 91 934 143 972; x_wconf 87' lang='grc'>29</span> <span class='ocrx_word' id='word_1_93' title='bbox 176 926 432 987; x_wconf 90' lang='lat' dir='ltr'>Coagulum</span> <span class='ocrx_word' id='word_1_94' title='bbox 470 929 691 987; x_wconf 90' lang='lat' dir='ltr'>agninum</span> <span class='ocrx_word' id='word_1_95' title='bbox 729 943 785 973; x_wconf 89' lang='lat' dir='ltr'>ex</span> <span class='ocrx_word' id='word_1_96' title='bbox 823 942 941 988; x_wconf 90' lang='lat' dir='ltr'>aqua</span> <span class='ocrx_word' id='word_1_97' title='bbox 980 928 1225 974; x_wconf 91' lang='lat' dir='ltr'>subactum</span> <span class='ocrx_word' id='word_1_98' title='bbox 1263 935 1308 974; x_wconf 87' lang='lat' dir='ltr'>et</span> <span class='ocrx_word' id='word_1_99' title='bbox 1342 929 1549 974; x_wconf 78' lang='lat' dir='ltr'>infusum</span> <span class='ocrx_word' id='word_1_100' title='bbox 1582 928 1774 974; x_wconf 88' lang='lat' dir='ltr'>naribus</span> 
     </span>
     <span class='ocr_line' id='line_1_13' title="bbox 90 995 1772 1060; baseline 0.001 -18"><span class='ocrx_word' id='word_1_101' title='bbox 90 1004 144 1042; x_wconf 84' lang='lat'>30</span> <span class='ocrx_word' id='word_1_102' title='bbox 175 995 431 1043; x_wconf 86' lang='lat' dir='ltr'>fluentibus</span> <span class='ocrx_word' id='word_1_103' title='bbox 469 999 586 1043; x_wconf 89' lang='lat' dir='ltr'>mire</span> <span class='ocrx_word' id='word_1_104' title='bbox 625 998 828 1058; x_wconf 89' lang='lat' dir='ltr'>prodest.</span> <span class='ocrx_word' id='word_1_105' title='bbox 888 998 1043 1058; x_wconf 90' lang='lat' dir='ltr'>Adeps</span> <span class='ocrx_word' id='word_1_106' title='bbox 1082 998 1138 1044; x_wconf 92' lang='lat' dir='ltr'>de</span> <span class='ocrx_word' id='word_1_107' title='bbox 1176 998 1421 1044; x_wconf 85' lang='lat' dir='ltr'>anseribus</span> <span class='ocrx_word' id='word_1_108' title='bbox 1460 1013 1566 1044; x_wconf 91' lang='lat' dir='ltr'>cum</span> <span class='ocrx_word' id='word_1_109' title='bbox 1604 998 1772 1060; x_wconf 80' lang='lat' dir='ltr'>butyro</span> 
     </span>
     <span class='ocr_line' id='line_1_14' title="bbox 90 1066 1772 1128; baseline 0.001 -17"><span class='ocrx_word' id='word_1_110' title='bbox 90 1074 141 1112; x_wconf 87' lang='lat'>31</span> <span class='ocrx_word' id='word_1_111' title='bbox 175 1068 279 1127; x_wconf 88' lang='lat' dir='ltr'>pari</span> <span class='ocrx_word' id='word_1_112' title='bbox 315 1066 523 1127; x_wconf 89' lang='lat' dir='ltr'>pondere</span> <span class='ocrx_word' id='word_1_113' title='bbox 561 1067 745 1113; x_wconf 90' lang='lat' dir='ltr'>infusus</span> <span class='ocrx_word' id='word_1_114' title='bbox 782 1067 1064 1128; x_wconf 91' lang='lat' dir='ltr'>profluvium</span> <span class='ocrx_word' id='word_1_115' title='bbox 1102 1069 1283 1114; x_wconf 86' lang='lat' dir='ltr'>narium</span> <span class='ocrx_word' id='word_1_116' title='bbox 1324 1069 1459 1114; x_wconf 90' lang='lat' dir='ltr'>sistit.</span> <span class='ocrx_word' id='word_1_117' title='bbox 1520 1067 1663 1114; x_wconf 88' lang='lat' dir='ltr'>Terra</span> <span class='ocrx_word' id='word_1_118' title='bbox 1703 1068 1772 1113; x_wconf 91' lang='lat' dir='ltr'>vel</span> 
     </span>
     <span class='ocr_line' id='line_1_15' title="bbox 175 1136 1772 1198; baseline 0.001 -17"><span class='ocrx_word' id='word_1_119' title='bbox 175 1136 336 1196; x_wconf 87' lang='lat' dir='ltr'>argilla</span> <span class='ocrx_word' id='word_1_120' title='bbox 373 1136 429 1181; x_wconf 93' lang='lat' dir='ltr'>de</span> <span class='ocrx_word' id='word_1_121' title='bbox 468 1139 648 1182; x_wconf 89' lang='lat' dir='ltr'>camino</span> <span class='ocrx_word' id='word_1_122' title='bbox 687 1137 759 1182; x_wconf 88' lang='lat' dir='ltr'>vel</span> <span class='ocrx_word' id='word_1_123' title='bbox 796 1137 852 1183; x_wconf 93' lang='lat' dir='ltr'>de</span> <span class='ocrx_word' id='word_1_124' title='bbox 884 1138 1021 1184; x_wconf 85' lang='lat' dir='ltr'>furno</span> <span class='ocrx_word' id='word_1_125' title='bbox 1053 1139 1244 1198; x_wconf 89' lang='lat' dir='ltr'>antiquo</span> <span class='ocrx_word' id='word_1_126' title='bbox 1277 1139 1446 1183; x_wconf 89' lang='lat' dir='ltr'>teritur</span> <span class='ocrx_word' id='word_1_127' title='bbox 1478 1144 1524 1183; x_wconf 91' lang='lat' dir='ltr'>et</span> <span class='ocrx_word' id='word_1_128' title='bbox 1554 1152 1611 1183; x_wconf 87' lang='lat' dir='ltr'>ex</span> <span class='ocrx_word' id='word_1_129' title='bbox 1641 1144 1772 1184; x_wconf 89' lang='lat' dir='ltr'>aceto</span> 
     </span>
     <span class='ocr_line' id='line_1_16' title="bbox 174 1205 1836 1268; baseline -0.001 -17"><span class='ocrx_word' id='word_1_130' title='bbox 174 1205 468 1266; x_wconf 83' lang='lat' dir='ltr'>temporibus</span> <span class='ocrx_word' id='word_1_131' title='bbox 515 1212 560 1252; x_wconf 90' lang='lat' dir='ltr'>et</span> <span class='ocrx_word' id='word_1_132' title='bbox 609 1206 825 1268; x_wconf 83' lang='lat' dir='ltr'>cerebro,</span> <span class='ocrx_word' id='word_1_133' title='bbox 870 1207 1063 1253; x_wconf 89' lang='lat' dir='ltr'>naribus</span> <span class='ocrx_word' id='word_1_134' title='bbox 1108 1222 1293 1268; x_wconf 86' lang='lat' dir='ltr'>quoque</span> <span class='ocrx_word' id='word_1_135' title='bbox 1338 1206 1551 1253; x_wconf 89' lang='lat' dir='ltr'>inlinitur</span> <span class='ocrx_word' id='word_1_136' title='bbox 1590 1208 1658 1253; x_wconf 93' lang='lat' dir='ltr'>vel</span> <span class='ocrx_word' id='word_1_137' title='bbox 1706 1210 1772 1253; x_wconf 90' lang='lat' dir='ltr'>in·</span> <span class='ocrx_word' id='word_1_138' title='bbox 1797 1219 1836 1250; x_wconf 85' lang='lat'>15</span> 
     </span>
     <span class='ocr_line' id='line_1_17' title="bbox 90 1276 1772 1338; baseline 0.001 -17"><span class='ocrx_word' id='word_1_139' title='bbox 90 1284 142 1321; x_wconf 86' lang='grc'>32</span> <span class='ocrx_word' id='word_1_140' title='bbox 174 1276 401 1338; x_wconf 76' lang='lat' dir='ltr'>funditur,</span> <span class='ocrx_word' id='word_1_141' title='bbox 436 1290 554 1336; x_wconf 84' lang='lat' dir='ltr'>quae</span> <span class='ocrx_word' id='word_1_142' title='bbox 587 1290 664 1322; x_wconf 88' lang='lat' dir='ltr'>res</span> <span class='ocrx_word' id='word_1_143' title='bbox 687 1276 997 1336; x_wconf 83' lang='lat' dir='ltr'>profluentem</span> <span class='ocrx_word' id='word_1_144' title='bbox 1025 1278 1166 1323; x_wconf 89' lang='lat' dir='ltr'>nimie</span> <span class='ocrx_word' id='word_1_145' title='bbox 1192 1279 1465 1337; x_wconf 87' lang='lat' dir='ltr'>sanguinem</span> <span class='ocrx_word' id='word_1_146' title='bbox 1497 1279 1632 1325; x_wconf 90' lang='lat' dir='ltr'>sistit.</span> <span class='ocrx_word' id='word_1_147' title='bbox 1677 1277 1772 1323; x_wconf 89' lang='lat' dir='ltr'>Tus</span> 
     </span>
     <span class='ocr_line' id='line_1_18' title="bbox 175 1347 1772 1409; baseline 0.001 -18"><span class='ocrx_word' id='word_1_148' title='bbox 175 1353 221 1391; x_wconf 93' lang='lat' dir='ltr'>et</span> <span class='ocrx_word' id='word_1_149' title='bbox 252 1347 406 1391; x_wconf 88' lang='lat' dir='ltr'>resina</span> <span class='ocrx_word' id='word_1_150' title='bbox 437 1349 484 1391; x_wconf 91' lang='lat' dir='ltr'>in</span> <span class='ocrx_word' id='word_1_151' title='bbox 518 1347 712 1392; x_wconf 88' lang='lat' dir='ltr'>farinam</span> <span class='ocrx_word' id='word_1_152' title='bbox 743 1347 929 1393; x_wconf 90' lang='lat' dir='ltr'>redacta</span> <span class='ocrx_word' id='word_1_153' title='bbox 961 1347 1153 1393; x_wconf 90' lang='lat' dir='ltr'>naribus</span> <span class='ocrx_word' id='word_1_154' title='bbox 1191 1347 1430 1409; x_wconf 77' lang='lat' dir='ltr'>induntur,</span> <span class='ocrx_word' id='word_1_155' title='bbox 1470 1347 1594 1408; x_wconf 90' lang='lat' dir='ltr'>quod</span> <span class='ocrx_word' id='word_1_156' title='bbox 1624 1362 1772 1393; x_wconf 90' lang='lat' dir='ltr'>reme-</span> 
     </span>
     <span class='ocr_line' id='line_1_19' title="bbox 89 1416 1772 1476; baseline 0.001 -15"><span class='ocrx_word' id='word_1_157' title='bbox 89 1423 142 1461; x_wconf 90' lang='lat'>33</span> <span class='ocrx_word' id='word_1_158' title='bbox 175 1416 302 1461; x_wconf 85' lang='lat' dir='ltr'>dium</span> <span class='ocrx_word' id='word_1_159' title='bbox 343 1417 482 1461; x_wconf 90' lang='lat' dir='ltr'>etiam</span> <span class='ocrx_word' id='word_1_160' title='bbox 515 1431 570 1461; x_wconf 87' lang='lat' dir='ltr'>ex</span> <span class='ocrx_word' id='word_1_161' title='bbox 601 1431 681 1462; x_wconf 91' lang='lat' dir='ltr'>ore</span> <span class='ocrx_word' id='word_1_162' title='bbox 713 1423 977 1462; x_wconf 82' lang='lat' dir='ltr'>manantem</span> <span class='ocrx_word' id='word_1_163' title='bbox 1010 1419 1281 1476; x_wconf 86' lang='lat' dir='ltr'>sanguinem</span> <span class='ocrx_word' id='word_1_164' title='bbox 1316 1417 1513 1463; x_wconf 83' lang='lat' dir='ltr'>cohibet.</span> <span class='ocrx_word' id='word_1_165' title='bbox 1573 1417 1636 1463; x_wconf 92' lang='lat' dir='ltr'>De</span> <span class='ocrx_word' id='word_1_166' title='bbox 1670 1432 1772 1463; x_wconf 88' lang='lat' dir='ltr'>san-</span> 
     </span>
     <span class='ocr_line' id='line_1_20' title="bbox 173 1485 1771 1549; baseline 0.002 -18"><span class='ocrx_word' id='word_1_167' title='bbox 173 1487 314 1546; x_wconf 88' lang='lat' dir='ltr'>guine</span> <span class='ocrx_word' id='word_1_168' title='bbox 351 1487 453 1546; x_wconf 92' lang='lat' dir='ltr'>ipso</span> <span class='ocrx_word' id='word_1_169' title='bbox 493 1487 574 1546; x_wconf 93' lang='lat' dir='ltr'>qui</span> <span class='ocrx_word' id='word_1_170' title='bbox 610 1485 714 1532; x_wconf 87' lang='lat' dir='ltr'>fluit</span> <span class='ocrx_word' id='word_1_171' title='bbox 751 1501 921 1532; x_wconf 92' lang='lat' dir='ltr'>nomen</span> <span class='ocrx_word' id='word_1_172' title='bbox 959 1489 1060 1533; x_wconf 92' lang='lat' dir='ltr'>eius</span> <span class='ocrx_word' id='word_1_173' title='bbox 1099 1488 1146 1532; x_wconf 91' lang='lat' dir='ltr'>in</span> <span class='ocrx_word' id='word_1_174' title='bbox 1177 1487 1329 1532; x_wconf 85' lang='lat' dir='ltr'>fronte</span> <span class='ocrx_word' id='word_1_175' title='bbox 1362 1487 1528 1549; x_wconf 82' lang='lat' dir='ltr'>scribe,</span> <span class='ocrx_word' id='word_1_176' title='bbox 1568 1489 1641 1533; x_wconf 91' lang='lat' dir='ltr'>cui</span> <span class='ocrx_word' id='word_1_177' title='bbox 1680 1503 1771 1534; x_wconf 91' lang='lat' dir='ltr'>me-</span> 
     </span>
     <span class='ocr_line' id='line_1_21' title="bbox 173 1555 1835 1618; baseline -0.001 -17"><span class='ocrx_word' id='word_1_178' title='bbox 173 1555 376 1602; x_wconf 90' lang='lat' dir='ltr'>dendum</span> <span class='ocrx_word' id='word_1_179' title='bbox 423 1562 515 1617; x_wconf 77' lang='lat' dir='ltr'>est,</span> <span class='ocrx_word' id='word_1_180' title='bbox 567 1556 813 1602; x_wconf 89' lang='lat' dir='ltr'>adversum</span> <span class='ocrx_word' id='word_1_181' title='bbox 862 1557 1142 1617; x_wconf 91' lang='lat' dir='ltr'>profluvium</span> <span class='ocrx_word' id='word_1_182' title='bbox 1188 1558 1396 1618; x_wconf 87' lang='lat' dir='ltr'>narium,</span> <span class='ocrx_word' id='word_1_183' title='bbox 1456 1558 1611 1603; x_wconf 88' lang='lat' dir='ltr'>statim</span> <span class='ocrx_word' id='word_1_184' title='bbox 1665 1557 1835 1603; x_wconf 81' lang='lat' dir='ltr'>sub-20</span> 
     </span>
     <span class='ocr_line' id='line_1_22' title="bbox 89 1624 1771 1688; baseline 0.001 -17"><span class='ocrx_word' id='word_1_185' title='bbox 89 1633 143 1671; x_wconf 87' lang='lat'>34</span> <span class='ocrx_word' id='word_1_186' title='bbox 173 1628 344 1671; x_wconf 90' lang='lat' dir='ltr'>venies.</span> <span class='ocrx_word' id='word_1_187' title='bbox 383 1624 573 1671; x_wconf 90' lang='lat' dir='ltr'>Scribes</span> <span class='ocrx_word' id='word_1_188' title='bbox 598 1640 785 1672; x_wconf 88' lang='lat' dir='ltr'>carmen</span> <span class='ocrx_word' id='word_1_189' title='bbox 807 1627 892 1672; x_wconf 89' lang='lat' dir='ltr'>hoc</span> <span class='ocrx_word' id='word_1_190' title='bbox 916 1628 964 1672; x_wconf 92' lang='lat' dir='ltr'>in</span> <span class='ocrx_word' id='word_1_191' title='bbox 989 1627 1147 1672; x_wconf 91' lang='lat' dir='ltr'>charta</span> <span class='ocrx_word' id='word_1_192' title='bbox 1169 1627 1347 1687; x_wconf 86' lang='lat' dir='ltr'>virgine</span> <span class='ocrx_word' id='word_1_193' title='bbox 1373 1633 1417 1672; x_wconf 87' lang='lat' dir='ltr'>et</span> <span class='ocrx_word' id='word_1_194' title='bbox 1442 1627 1583 1672; x_wconf 91' lang='lat' dir='ltr'>linteo</span> <span class='ocrx_word' id='word_1_195' title='bbox 1609 1627 1771 1688; x_wconf 86' lang='lat' dir='ltr'>ligabis</span> 
     </span>
     <span class='ocr_line' id='line_1_23' title="bbox 174 1695 1768 1758; baseline 0.002 -18"><span class='ocrx_word' id='word_1_196' title='bbox 174 1701 220 1741; x_wconf 89' lang='lat' dir='ltr'>et</span> <span class='ocrx_word' id='word_1_197' title='bbox 264 1695 471 1741; x_wconf 90' lang='lat' dir='ltr'>medium</span> <span class='ocrx_word' id='word_1_198' title='bbox 516 1697 677 1756; x_wconf 85' lang='lat' dir='ltr'>cinges</span> <span class='ocrx_word' id='word_1_199' title='bbox 723 1710 829 1742; x_wconf 90' lang='lat' dir='ltr'>eum</span> <span class='ocrx_word' id='word_1_200' title='bbox 876 1696 946 1742; x_wconf 93' lang='lat' dir='ltr'>vel</span> <span class='ocrx_word' id='word_1_201' title='bbox 995 1711 1115 1757; x_wconf 89' lang='lat' dir='ltr'>eam,</span> <span class='ocrx_word' id='word_1_202' title='bbox 1162 1711 1278 1756; x_wconf 86' lang='lat' dir='ltr'>quae</span> <span class='ocrx_word' id='word_1_203' title='bbox 1324 1699 1527 1756; x_wconf 88' lang='lat' dir='ltr'>patietur</span> <span class='ocrx_word' id='word_1_204' title='bbox 1565 1697 1621 1742; x_wconf 91' lang='lat' dir='ltr'>de</span> <span class='ocrx_word' id='word_1_205' title='bbox 1659 1712 1768 1758; x_wconf 89' lang='lat' dir='ltr'>qua-</span> 
     </span>
     <span class='ocr_line' id='line_1_24' title="bbox 173 1765 1772 1827; baseline 0.002 -17"><span class='ocrx_word' id='word_1_206' title='bbox 173 1765 288 1811; x_wconf 87' lang='lat' dir='ltr'>libet</span> <span class='ocrx_word' id='word_1_207' title='bbox 325 1772 457 1826; x_wconf 89' lang='lat' dir='ltr'>parte</span> <span class='ocrx_word' id='word_1_208' title='bbox 496 1767 708 1826; x_wconf 90' lang='lat' dir='ltr'>corporis</span> <span class='ocrx_word' id='word_1_209' title='bbox 747 1768 987 1826; x_wconf 83' lang='lat' dir='ltr'>sanguinis</span> <span class='ocrx_word' id='word_1_210' title='bbox 1026 1766 1222 1813; x_wconf 89' lang='lat' dir='ltr'>fluxum:</span> <span class='ocrx_word' id='word_1_211' title='bbox 1269 1768 1365 1827; x_wconf 83' lang='lat' dir='ltr'>sicy</span> <span class='ocrx_word' id='word_1_212' title='bbox 1403 1781 1535 1812; x_wconf 90' lang='lat' dir='ltr'>cuma</span> <span class='ocrx_word' id='word_1_213' title='bbox 1576 1781 1772 1813; x_wconf 90' lang='lat' dir='ltr'>cucuma</span> 
     </span>
     <span class='ocr_line' id='line_1_25' title="bbox 88 1835 1771 1897; baseline 0.001 -17"><span class='ocrx_word' id='word_1_214' title='bbox 88 1843 140 1880; x_wconf 86' lang='lat'>35</span> <span class='ocrx_word' id='word_1_215' title='bbox 173 1849 341 1881; x_wconf 91' lang='lat' dir='ltr'>ucuma</span> <span class='ocrx_word' id='word_1_216' title='bbox 370 1849 503 1881; x_wconf 91' lang='lat' dir='ltr'>cuma</span> <span class='ocrx_word' id='word_1_217' title='bbox 526 1849 632 1882; x_wconf 86' lang='lat' dir='ltr'>uma</span> <span class='ocrx_word' id='word_1_218' title='bbox 660 1851 772 1882; x_wconf 88' lang='lat' dir='ltr'>maa.</span> <span class='ocrx_word' id='word_1_219' title='bbox 818 1836 933 1882; x_wconf 84' lang='lat' dir='ltr'>Item</span> <span class='ocrx_word' id='word_1_220' title='bbox 959 1851 1146 1882; x_wconf 87' lang='lat' dir='ltr'>carmen</span> <span class='ocrx_word' id='word_1_221' title='bbox 1170 1836 1258 1882; x_wconf 92' lang='lat' dir='ltr'>hoc</span> <span class='ocrx_word' id='word_1_222' title='bbox 1283 1835 1396 1882; x_wconf 88' lang='lat' dir='ltr'>utile</span> <span class='ocrx_word' id='word_1_223' title='bbox 1420 1836 1648 1897; x_wconf 89' lang='lat' dir='ltr'>profluvio</span> <span class='ocrx_word' id='word_1_224' title='bbox 1671 1851 1771 1883; x_wconf 90' lang='lat' dir='ltr'>mu-</span> 
     </span>
     <span class='ocr_line' id='line_1_26' title="bbox 172 1904 1833 1968; baseline 0.001 -18"><span class='ocrx_word' id='word_1_225' title='bbox 172 1904 328 1951; x_wconf 90' lang='lat' dir='ltr'>liebri:</span> <span class='ocrx_word' id='word_1_226' title='bbox 369 1904 595 1965; x_wconf 82' lang='lat' dir='ltr'>Stupidus</span> <span class='ocrx_word' id='word_1_227' title='bbox 624 1907 673 1951; x_wconf 91' lang='lat' dir='ltr'>in</span> <span class='ocrx_word' id='word_1_228' title='bbox 705 1914 861 1952; x_wconf 85' lang='lat' dir='ltr'>monte</span> <span class='ocrx_word' id='word_1_229' title='bbox 892 1906 1000 1968; x_wconf 84' lang='lat' dir='ltr'>ibat,</span> <span class='ocrx_word' id='word_1_230' title='bbox 1040 1906 1255 1966; x_wconf 86' lang='lat' dir='ltr'>stupidus</span> <span class='ocrx_word' id='word_1_231' title='bbox 1287 1908 1487 1968; x_wconf 87' lang='lat' dir='ltr'>stupuit;</span> <span class='ocrx_word' id='word_1_232' title='bbox 1530 1906 1692 1952; x_wconf 88' lang='lat' dir='ltr'>adiuro</span> <span class='ocrx_word' id='word_1_233' title='bbox 1726 1913 1768 1952; x_wconf 92' lang='lat' dir='ltr'>te</span> <span class='ocrx_word' id='word_1_234' title='bbox 1793 1912 1833 1944; x_wconf 84' lang='lat'>25</span> 
     </span>
     <span class='ocr_line' id='line_1_27' title="bbox 171 1975 1771 2037; baseline 0.001 -17"><span class='ocrx_word' id='word_1_235' title='bbox 171 1976 361 2035; x_wconf 81' lang='lat' dir='ltr'>matrix,</span> <span class='ocrx_word' id='word_1_236' title='bbox 408 1989 465 2020; x_wconf 91' lang='lat' dir='ltr'>ne</span> <span class='ocrx_word' id='word_1_237' title='bbox 503 1975 592 2021; x_wconf 93' lang='lat' dir='ltr'>hoc</span> <span class='ocrx_word' id='word_1_238' title='bbox 631 1976 854 2022; x_wconf 86' lang='lat' dir='ltr'>iracunda</span> <span class='ocrx_word' id='word_1_239' title='bbox 893 1978 1143 2037; x_wconf 79' lang='lat' dir='ltr'>suscipias3</span> <span class='ocrx_word' id='word_1_240' title='bbox 1187 1978 1285 2036; x_wconf 89' lang='lat' dir='ltr'>pari</span> <span class='ocrx_word' id='word_1_241' title='bbox 1325 1977 1504 2022; x_wconf 88' lang='lat' dir='ltr'>ratione</span> <span class='ocrx_word' id='word_1_242' title='bbox 1543 1978 1771 2036; x_wconf 88' lang='lat' dir='ltr'>scriptum</span> 
     </span>
     <span class='ocr_line' id='line_1_28' title="bbox 88 2044 1770 2106; baseline 0.001 -17"><span class='ocrx_word' id='word_1_243' title='bbox 88 2053 141 2091; x_wconf 88' lang='lat'>36</span> <span class='ocrx_word' id='word_1_244' title='bbox 172 2044 351 2105; x_wconf 86' lang='lat' dir='ltr'>ligabis.</span> <span class='ocrx_word' id='word_1_245' title='bbox 425 2044 625 2105; x_wconf 89' lang='lat' dir='ltr'>Myrram</span> <span class='ocrx_word' id='word_1_246' title='bbox 669 2060 774 2091; x_wconf 91' lang='lat' dir='ltr'>cum</span> <span class='ocrx_word' id='word_1_247' title='bbox 821 2046 965 2091; x_wconf 89' lang='lat' dir='ltr'>nardo</span> <span class='ocrx_word' id='word_1_248' title='bbox 1011 2060 1129 2106; x_wconf 89' lang='lat' dir='ltr'>puro</span> <span class='ocrx_word' id='word_1_249' title='bbox 1176 2052 1364 2092; x_wconf 90' lang='lat' dir='ltr'>contere</span> <span class='ocrx_word' id='word_1_250' title='bbox 1407 2051 1452 2091; x_wconf 92' lang='lat' dir='ltr'>et</span> <span class='ocrx_word' id='word_1_251' title='bbox 1490 2046 1595 2091; x_wconf 91' lang='lat' dir='ltr'>inde</span> <span class='ocrx_word' id='word_1_252' title='bbox 1634 2060 1770 2091; x_wconf 91' lang='lat' dir='ltr'>nares</span> 
     </span>
     <span class='ocr_line' id='line_1_29' title="bbox 172 2115 1769 2177; baseline 0.001 -18"><span class='ocrx_word' id='word_1_253' title='bbox 172 2122 309 2174; x_wconf 89' lang='lat' dir='ltr'>tange</span> <span class='ocrx_word' id='word_1_254' title='bbox 355 2129 489 2160; x_wconf 89' lang='lat' dir='ltr'>mane</span> <span class='ocrx_word' id='word_1_255' title='bbox 536 2121 582 2160; x_wconf 91' lang='lat' dir='ltr'>et</span> <span class='ocrx_word' id='word_1_256' title='bbox 618 2129 831 2177; x_wconf 86' lang='lat' dir='ltr'>vespera,</span> <span class='ocrx_word' id='word_1_257' title='bbox 878 2115 1127 2162; x_wconf 89' lang='lat' dir='ltr'>subvenies</span> <span class='ocrx_word' id='word_1_258' title='bbox 1173 2117 1387 2176; x_wconf 87' lang='lat' dir='ltr'>sanguini</span> <span class='ocrx_word' id='word_1_259' title='bbox 1431 2116 1628 2160; x_wconf 91' lang='lat' dir='ltr'>nimium</span> <span class='ocrx_word' id='word_1_260' title='bbox 1666 2130 1769 2176; x_wconf 88' lang='lat' dir='ltr'>pro-</span> 
     </span>
     <span class='ocr_line' id='line_1_30' title="bbox 88 2183 1769 2245; baseline 0.001 -15"><span class='ocrx_word' id='word_1_261' title='bbox 88 2193 139 2230; x_wconf 83' lang='grc'>37</span> <span class='ocrx_word' id='word_1_262' title='bbox 171 2183 349 2230; x_wconf 89' lang='lat' dir='ltr'>fluenti.</span> <span class='ocrx_word' id='word_1_263' title='bbox 387 2183 560 2230; x_wconf 89' lang='lat' dir='ltr'>Verum</span> <span class='ocrx_word' id='word_1_264' title='bbox 585 2185 784 2231; x_wconf 87' lang='lat' dir='ltr'>ferream</span> <span class='ocrx_word' id='word_1_265' title='bbox 808 2186 1083 2232; x_wconf 90' lang='lat' dir='ltr'>candentem</span> <span class='ocrx_word' id='word_1_266' title='bbox 1108 2189 1155 2231; x_wconf 92' lang='lat' dir='ltr'>in</span> <span class='ocrx_word' id='word_1_267' title='bbox 1179 2192 1309 2231; x_wconf 90' lang='lat' dir='ltr'>aceto</span> <span class='ocrx_word' id='word_1_268' title='bbox 1334 2185 1524 2231; x_wconf 87' lang='lat' dir='ltr'>adsidue</span> <span class='ocrx_word' id='word_1_269' title='bbox 1550 2187 1769 2245; x_wconf 86' lang='lat' dir='ltr'>extingue</span> 
     </span>
     <span class='ocr_line' id='line_1_31' title="bbox 87 2254 1833 2321; baseline 0.001 -22"><span class='ocrx_word' id='word_1_270' title='bbox 87 2262 141 2300; x_wconf 89' lang='lat'>38</span> <span class='ocrx_word' id='word_1_271' title='bbox 173 2260 220 2300; x_wconf 91' lang='lat' dir='ltr'>et</span> <span class='ocrx_word' id='word_1_272' title='bbox 257 2254 437 2300; x_wconf 86' lang='lat' dir='ltr'>fumum</span> <span class='ocrx_word' id='word_1_273' title='bbox 472 2257 573 2300; x_wconf 89' lang='lat' dir='ltr'>eius</span> <span class='ocrx_word' id='word_1_274' title='bbox 611 2255 803 2301; x_wconf 89' lang='lat' dir='ltr'>naribus</span> <span class='ocrx_word' id='word_1_275' title='bbox 842 2255 1015 2321; x_wconf 78' lang='lat' dir='ltr'>ducito.</span> <span class='ocrx_word' id='word_1_276' title='bbox 1075 2255 1195 2301; x_wconf 87' lang='lat' dir='ltr'>Ruta</span> <span class='ocrx_word' id='word_1_277' title='bbox 1233 2256 1417 2314; x_wconf 86' lang='lat' dir='ltr'>saepius</span> <span class='ocrx_word' id='word_1_278' title='bbox 1455 2255 1666 2301; x_wconf 84' lang='lat' dir='ltr'>olfactata</span> <span class='ocrx_word' id='word_1_279' title='bbox 1699 2255 1769 2300; x_wconf 92' lang='lat' dir='ltr'>vel</span> <span class='ocrx_word' id='word_1_280' title='bbox 1791 2262 1833 2292; x_wconf 82' lang='lat'>30</span> 
     </span>
     <span class='ocr_line' id='line_1_32' title="bbox 172 2323 1766 2385; baseline 0.001 -16"><span class='ocrx_word' id='word_1_281' title='bbox 172 2325 282 2369; x_wconf 88' lang='lat' dir='ltr'>trita</span> <span class='ocrx_word' id='word_1_282' title='bbox 318 2323 448 2370; x_wconf 91' lang='lat' dir='ltr'>inlita</span> <span class='ocrx_word' id='word_1_283' title='bbox 487 2326 760 2385; x_wconf 89' lang='lat' dir='ltr'>sanguinem</span> <span class='ocrx_word' id='word_1_284' title='bbox 799 2340 854 2371; x_wconf 87' lang='lat' dir='ltr'>ex</span> <span class='ocrx_word' id='word_1_285' title='bbox 892 2325 1084 2371; x_wconf 90' lang='lat' dir='ltr'>naribus</span> <span class='ocrx_word' id='word_1_286' title='bbox 1122 2326 1260 2370; x_wconf 91' lang='lat' dir='ltr'>nimis</span> <span class='ocrx_word' id='word_1_287' title='bbox 1294 2324 1514 2370; x_wconf 88' lang='lat' dir='ltr'>fluentem</span> <span class='ocrx_word' id='word_1_288' title='bbox 1547 2325 1766 2371; x_wconf 87' lang='lat' dir='ltr'>retundit.</span> 
     </span>
     <span class='ocr_line' id='line_1_33' title="bbox 87 2393 1767 2456; baseline 0.001 -17"><span class='ocrx_word' id='word_1_289' title='bbox 87 2402 139 2439; x_wconf 88' lang='lat'>39</span> <span class='ocrx_word' id='word_1_290' title='bbox 171 2393 318 2440; x_wconf 87' lang='lat' dir='ltr'>Radix</span> <span class='ocrx_word' id='word_1_291' title='bbox 364 2395 542 2440; x_wconf 89' lang='lat' dir='ltr'>urticae</span> <span class='ocrx_word' id='word_1_292' title='bbox 589 2396 729 2455; x_wconf 85' lang='lat' dir='ltr'>capiti</span> <span class='ocrx_word' id='word_1_293' title='bbox 777 2397 998 2456; x_wconf 90' lang='lat' dir='ltr'>inposita,</span> <span class='ocrx_word' id='word_1_294' title='bbox 1044 2397 1082 2440; x_wconf 90' lang='lat' dir='ltr'>si</span> <span class='ocrx_word' id='word_1_295' title='bbox 1123 2394 1337 2440; x_wconf 90' lang='lat' dir='ltr'>manibus</span> <span class='ocrx_word' id='word_1_296' title='bbox 1376 2396 1587 2454; x_wconf 89' lang='lat' dir='ltr'>utrisque</span> <span class='ocrx_word' id='word_1_297' title='bbox 1626 2409 1767 2456; x_wconf 84' lang='lat' dir='ltr'>supra</span> 
     </span>
     <span class='ocr_line' id='line_1_34' title="bbox 173 2463 1766 2525; baseline 0.001 -17"><span class='ocrx_word' id='word_1_298' title='bbox 173 2471 312 2523; x_wconf 90' lang='lat' dir='ltr'>caput</span> <span class='ocrx_word' id='word_1_299' title='bbox 350 2466 659 2525; x_wconf 84' lang='lat' dir='ltr'>contineatur,</span> <span class='ocrx_word' id='word_1_300' title='bbox 700 2466 816 2510; x_wconf 89' lang='lat' dir='ltr'>mire</span> <span class='ocrx_word' id='word_1_301' title='bbox 855 2464 1047 2524; x_wconf 87' lang='lat' dir='ltr'>prodest</span> <span class='ocrx_word' id='word_1_302' title='bbox 1084 2463 1330 2509; x_wconf 86' lang='lat' dir='ltr'>adversum</span> <span class='ocrx_word' id='word_1_303' title='bbox 1367 2463 1646 2523; x_wconf 85' lang='lat' dir='ltr'>profluvium</span> <span class='ocrx_word' id='word_1_304' title='bbox 1687 2479 1766 2510; x_wconf 86' lang='lat' dir='ltr'>na—</span> 
     </span>
     <span class='ocr_line' id='line_1_35' title="bbox 86 2533 1765 2595; baseline 0.002 -18"><span class='ocrx_word' id='word_1_305' title='bbox 86 2540 141 2578; x_wconf 90' lang='lat'>40</span> <span class='ocrx_word' id='word_1_306' title='bbox 171 2534 307 2578; x_wconf 88' lang='lat' dir='ltr'>rium.</span> <span class='ocrx_word' id='word_1_307' title='bbox 362 2533 543 2579; x_wconf 90' lang='lat' dir='ltr'>Herbae</span> <span class='ocrx_word' id='word_1_308' title='bbox 580 2534 798 2595; x_wconf 85' lang='lat' dir='ltr'>polygoni</span> <span class='ocrx_word' id='word_1_309' title='bbox 835 2548 1005 2580; x_wconf 92' lang='lat' dir='ltr'>corona</span> <span class='ocrx_word' id='word_1_310' title='bbox 1037 2535 1177 2595; x_wconf 91' lang='lat' dir='ltr'>capiti</span> <span class='ocrx_word' id='word_1_311' title='bbox 1207 2535 1406 2594; x_wconf 82' lang='lat' dir='ltr'>inposita</span> <span class='ocrx_word' id='word_1_312' title='bbox 1438 2534 1630 2580; x_wconf 91' lang='lat' dir='ltr'>naribus</span> <span class='ocrx_word' id='word_1_313' title='bbox 1660 2548 1765 2594; x_wconf 88' lang='lat' dir='ltr'>pro-</span> 
     </span>
    </p>
   </div>
   <div class='ocr_carea' id='block_1_3' title="bbox 169 2638 1763 2794">
    <p class='ocr_par' dir='ltr' id='par_1_3' title="bbox 169 2638 1763 2794">
     <span class='ocr_line' id='line_1_36' title="bbox 287 2638 1763 2694; baseline 0.001 -15"><span class='ocrx_word' id='word_1_314' title='bbox 287 2645 335 2679; x_wconf 91' lang='lat'>13</span> <span class='ocrx_word' id='word_1_315' title='bbox 368 2640 463 2692; x_wconf 80' lang='lat' dir='ltr'>pari</span> <span class='ocrx_word' id='word_1_316' title='bbox 494 2653 572 2682; x_wconf 81' lang='lat' dir='ltr'>om.</span> <span class='ocrx_word' id='word_1_317' title='bbox 732 2644 784 2681; x_wconf 85' lang='lat'>14</span> <span class='ocrx_word' id='word_1_318' title='bbox 814 2639 967 2694; x_wconf 85' lang='lat' dir='ltr'>argila.</span> <span class='ocrx_word' id='word_1_319' title='bbox 1112 2643 1163 2681; x_wconf 81' lang='lat'>17</span> <span class='ocrx_word' id='word_1_320' title='bbox 1193 2638 1404 2681; x_wconf 77' lang='lat' dir='ltr'>induitur.</span> <span class='ocrx_word' id='word_1_321' title='bbox 1527 2644 1579 2681; x_wconf 83' lang='lat'>25</span> <span class='ocrx_word' id='word_1_322' title='bbox 1611 2639 1763 2681; x_wconf 82' lang='lat' dir='ltr'>adiuro</span> 
     </span>
     <span class='ocr_line' id='line_1_37' title="bbox 169 2693 1763 2749; baseline 0.001 -15"><span class='ocrx_word' id='word_1_323' title='bbox 169 2694 233 2749; x_wconf 81' lang='lat' dir='ltr'>te]</span> <span class='ocrx_word' id='word_1_324' title='bbox 265 2693 478 2736; x_wconf 75' lang='lat' dir='ltr'>adim-ata.</span> <span class='ocrx_word' id='word_1_325' title='bbox 557 2695 563 2701; x_wconf 83' lang='grc'><strong>”</strong></span> <span class='ocrx_word' id='word_1_326' title='bbox 588 2701 641 2738; x_wconf 88' lang='grc'>26</span> <span class='ocrx_word' id='word_1_327' title='bbox 673 2696 833 2737; x_wconf 79' lang='lat' dir='ltr'>matrix</span> <span class='ocrx_word' id='word_1_328' title='bbox 861 2696 1038 2748; x_wconf 76' lang='lat' dir='ltr'>scripsi.-</span> <span class='ocrx_word' id='word_1_329' title='bbox 1075 2696 1240 2739; x_wconf 78' lang='lat' dir='ltr'>matris.</span> <span class='ocrx_word' id='word_1_330' title='bbox 1351 2701 1402 2737; x_wconf 89' lang='grc'>29</span> <span class='ocrx_word' id='word_1_331' title='bbox 1442 2709 1546 2737; x_wconf 87' lang='lat' dir='ltr'>veru</span> <span class='ocrx_word' id='word_1_332' title='bbox 1575 2695 1763 2737; x_wconf 85' lang='lat' dir='ltr'>ferreum</span> 
     </span>
     <span class='ocr_line' id='line_1_38' title="bbox 171 2750 1098 2794; baseline 0.003 -4"><span class='ocrx_word' id='word_1_333' title='bbox 171 2751 362 2791; x_wconf 81' lang='lat' dir='ltr'>candens</span> <span class='ocrx_word' id='word_1_334' title='bbox 395 2750 646 2794; x_wconf 77' lang='lat' dir='ltr'>Gornarius.</span> <span class='ocrx_word' id='word_1_335' title='bbox 762 2756 815 2794; x_wconf 89' lang='lat'>30</span> <span class='ocrx_word' id='word_1_336' title='bbox 847 2752 1098 2794; x_wconf 71' lang='lat' dir='ltr'>olefactata,</span> 
     </span>
    </p>
   </div>
  </div>
 </body>
</html>
