1898 3016
794 95 1038 145 -220
1115 124 1173 130 —

188 222 526 269 schoenoanthi
556 221 682 284 dra}
713 222 812 286 IIII,
842 225 1025 270 resinae
1056 222 1399 269 terebinthinae
1431 220 1555 284 dra}
1586 221 1783 285 XLVIII,

185 291 455 354 nardomyri
479 290 603 354 drag.
628 292 807 355 LXIIII,
839 308 895 339 ex
927 308 1019 354 quo
1050 298 1262 339 cerotum
1293 292 1435 339 facies
1470 294 1663 340 adiectis
1694 292 1786 339 olei

186 363 310 408 rosei
355 362 480 423 drag.
509 363 671 426 LXVI,
717 378 851 409 cerae
889 362 1110 409 Ponticae
1148 359 1274 422 drag.
1307 360 1552 426 CXXVIII,
1598 361 1783 423 opobal-

185 433 303 477 sami
341 431 466 493 drag.
497 432 611 479 XVI.
669 433 794 479 Haec
832 434 985 479 omnia
1015 439 1152 479 tunsa
1183 431 1385 478 cribrata
1416 439 1464 478 et
1493 439 1647 479 cetera
1677 434 1783 478 vino

186 503 362 562 optimo
407 503 662 549 madefacta
707 502 847 549 simul
890 503 940 548 in
984 503 1206 549 mortario
1252 501 1461 564 colliges,
1509 517 1565 548 ex
1611 501 1834 563 quibus's

185 571 409 618 trochisci
445 572 518 618 vel
555 572 781 633 magdalia
817 573 952 635 fient,
997 578 1157 619 ceroto
1202 586 1312 618 vero
1359 572 1479 618 facto
1524 571 1597 618 vel
1634 571 1785 633 pulvis

186 656 328 703 supra
367 643 572 703 scriptus
609 642 682 688 vel
718 648 929 688 ramenta
965 643 1237 689 miscentur.

841 794 965 844 CAP.
1003 794 1125 841 XXI.

282 882 466 925 cordis
503 883 676 925 dolori
713 885 768 925 et
804 893 962 926 coreo
1001 885 1056 925 et
1091 883 1419 936 praecordiis
1457 882 1695 925 remedia

423 953 763 1003 rationabilia
799 953 1010 995 diversa
1048 954 1114 995 de
1153 952 1548 1006 experimenti&

326 1058 716 1106 Praecordiorum
747 1059 955 1106 dolorem
988 1059 1129 1106 catuli
1152 1059 1377 1105 lactantes
1401 1058 1576 1105 admoti
1597 1060 1786 1105 visceri-

184 1127 273 1174 bus
311 1128 528 1175 humanis
565 1129 823 1175 transferre
860 1131 909 1175 in
945 1144 994 1175 se
1030 1129 1314 1175 adseruntur
1343 1128 1485 1189 idque
1517 1129 1787 1175 exinteratis

183 1198 485 1259 perfusisque
529 1201 636 1244 vino
685 1199 1055 1259 deprehenditur
1101 1200 1271 1245 vitiatis
1309 1212 1473 1244 eorum
1510 1198 1784 1245 visceribus.
1808 1215 1850 1245 ιο

324 1267 392 1313 Ad
431 1283 623 1315 corcum
661 1283 864 1315 carmen.
916 1268 970 1314 In
1006 1268 1188 1315 lamella
1219 1274 1409 1329 stagnea
1443 1267 1623 1314 scribes
1653 1274 1700 1314 et
1730 1268 1787 1314 ad

187 1336 358 1383 collum
397 1338 657 1399 suspendes
694 1338 832 1385 haec:
870 1339 989 1385 Ante
1027 1353 1141 1384 cane
1180 1353 1322 1385 corcu
1362 1352 1449 1384 nec
1479 1340 1650 1399 megito
1681 1352 1787 1385 can-

183 1413 336 1453 torem
381 1413 435 1454 ut
480 1423 532 1454 os
577 1415 629 1455 ut
676 1423 727 1454 os
773 1415 826 1454 ut
870 1423 943 1468 os3
995 1408 1281 1470 praeparabo
1333 1407 1420 1454 tihi
1462 1409 1622 1454 vinum
1673 1407 1787 1470 leve,

183 1476 442 1540 libidinem,
469 1477 656 1524 discede
689 1479 925 1539 anonnita,
957 1480 1005 1524 in
1035 1479 1223 1524 nomine
1252 1478 1331 1524 dei
1351 1477 1502 1540 Iacob,
1525 1479 1574 1523 in
1598 1479 1786 1524 nomine

186 1547 262 1593 dei
286 1546 502 1594 Sabaoth.
540 1547 657 1593 Item
681 1547 737 1593 ad
761 1548 807 1593 id
833 1547 957 1594 aliud
983 1562 1192 1595 carmen:
1216 1547 1363 1594 Corce
1388 1547 1586 1594 corcedo
1611 1553 1786 1611 stagne,
1810 1565 1850 1596 15

184 1622 398 1677 pastores
429 1623 475 1664 te
506 1619 802 1678 invenerunt,
833 1619 932 1663 sine
962 1617 1179 1664 manibus
1209 1616 1512 1679 collegerunt,
1551 1619 1650 1663 sine
1681 1617 1786 1664 foco

185 1692 427 1748 coxerunt,
458 1689 559 1733 sine
591 1686 810 1734 dentibus
835 1687 1152 1734 comederunt.
1195 1686 1311 1733 Tres
1334 1688 1539 1748 virgines
1561 1688 1609 1733 in
1633 1687 1786 1733 medio

183 1758 303 1802 mari
339 1771 547 1803 mensam
586 1771 897 1803 marmoream
926 1759 1124 1819 positam
1160 1756 1407 1819 habebant,
1446 1756 1564 1802 duae
1597 1762 1786 1817 torque-

183 1825 297 1872 bant
335 1822 381 1872 et
418 1841 510 1873 una
547 1826 874 1889 retorquebat3
920 1827 1152 1888 quomodo
1190 1826 1280 1873 hoc
1318 1840 1573 1887 numquam
1611 1826 1786 1873 factum

185 1902 269 1958 est,
308 1898 376 1942 sic
413 1910 669 1957 numquam
708 1898 824 1943 sciat
859 1896 936 1943 illa
974 1897 1085 1943 Gaia
1123 1896 1227 1943 Seia
1265 1898 1394 1942 corci
1431 1896 1651 1942 dolorem.
1809 1915 1850 1945 20

325 1966 393 2012 Ad
425 1966 580 2012 cordis
611 1966 818 2012 dolorem
851 1967 923 2013 vel
954 1967 1010 2013 ad
1042 1981 1135 2029 eos,
1174 1968 1255 2027 qui
1290 1965 1534 2012 lumbricis
1564 1968 1612 2012 in
1643 1965 1785 2012 corde

182 2041 430 2083 vexantur:
488 2036 669 2096 Aquam
714 2035 890 2082 malvae
935 2051 1041 2083 cum
1087 2036 1223 2082 melle
1267 2037 1370 2097 pari
1413 2047 1633 2082 mensura
1680 2050 1785 2096 per-

183 2107 376 2151 mixtam
412 2106 617 2166 tepidam
654 2107 802 2152 ieiuni
838 2106 1013 2153 bibant.
1071 2106 1140 2152 Ad
1178 2105 1334 2153 cordis
1372 2105 1580 2151 dolorem
1610 2105 1783 2151 herbae

183 2175 505 2238 erythrodani,
551 2176 597 2222 id
645 2181 716 2222 est
754 2176 899 2222 caulis
936 2178 1184 2238 purpurei,
1233 2175 1322 2221 hoc
1367 2180 1438 2221 est
1474 2176 1664 2236 marini,
1710 2174 1783 2221 vel

183 2244 445 2291 sisimbriae
470 2259 637 2292 sucum
658 2245 714 2291 ad
737 2245 1079 2306 plenitudinem
1103 2245 1357 2292 conchulae
1381 2244 1619 2306 oblongae,
1645 2259 1781 2305 quam
1806 2261 1847 2292 25

182 2314 349 2361 Graeci
372 2314 578 2373 tellinen,
611 2315 688 2361 alii
711 2315 921 2362 chemam
950 2330 1137 2362 macran
1160 2321 1339 2376 vocant,
1363 2329 1470 2360 cum
1494 2328 1611 2374 aqua
1636 2314 1783 2360 calida

180 2399 328 2445 prope
366 2390 552 2431 noctem
593 2385 846 2431 dormitum
884 2386 1056 2432 vadens
1093 2385 1234 2431 bibat.
1292 2383 1439 2430 Pinus
1475 2383 1638 2430 viridis
1676 2399 1782 2431 acu-

183 2454 314 2500 culae
354 2456 584 2501 contritae
622 2469 677 2501 ex
718 2456 823 2500 vino
855 2457 1031 2515 optimo
1060 2456 1193 2515 potui
1223 2454 1354 2500 datae
1386 2453 1542 2499 cordis
1573 2453 1781 2500 dolorem

182 2523 360 2582 sedant,
398 2526 461 2570 ita
499 2530 552 2570 ut
591 2526 669 2585 qui
706 2526 943 2585 potionem
981 2525 1216 2584 acceperit
1251 2522 1507 2584 pinguibus
1545 2525 1666 2570 escis
1704 2523 1781 2570 ab·

326 2634 346 2669 1
378 2630 686 2683 schynoanthi.
817 2635 866 2672 15
900 2629 1114 2683 Sabaoth]
1148 2628 1338 2671 eabaait.
1464 2633 1516 2671 16
1548 2629 1779 2672 collerunt.

181 2688 236 2727 20
274 2684 491 2740 gaioseia‚
529 2687 707 2728 correxi.
879 2691 933 2727 24
970 2685 1274 2727 erithrodanis.
1461 2689 1514 2727 25
1556 2685 1776 2728 conculae.

181 2745 236 2782 26
265 2740 458 2782 telunen.
577 2742 794 2797 chemam]
825 2740 1060 2783 heminam.
