1898 3016
135 277 186 314 25

124 973 182 1017 ν’26

128 1183 180 1220 27

123 1671 175 1708 28

122 1811 172 1849 29

120 1951 173 1988 30

118 2091 170 2127 31

117 2300 169 2337 32

831 171 890 177 -
973 145 1071 193 174
1145 110 1213 178 —'

358 268 488 316 Alter
518 269 732 330 pastillus
755 270 810 316 ad
836 272 1077 332 sanguinis
1101 273 1395 332 eruptionem
1418 273 1614 320 mirifice
1638 273 1814 320 faciens

219 339 390 399 accipit
425 339 557 386 haec:
613 339 922 400 Tragacanthi
959 340 998 386 X
1040 340 1179 404 VIIII,
1222 341 1402 388 Samiae
1446 350 1601 389 cretae
1644 342 1683 389 X
1719 343 1814 404 VII,

218 414 351 455 rutae
389 407 609 456 Ponticae
647 408 687 455 X
718 409 859 472 VIIII,
908 410 1222 471 glycyrrhizae
1268 413 1369 458 suci
1405 411 1445 458 X
1475 411 1532 474 V,
1580 412 1813 474 symphyti

218 479 321 524 suci
358 477 397 523 X
428 477 521 541 VII,
560 480 760 540 gummis
799 479 838 524 X
869 479 966 541 1111,
1003 479 1320 541 hypocistidos
1360 483 1462 528 suci
1490 481 1530 528 X
1561 481 1654 544 VII,
1692 485 1812 529 turis

218 547 256 593 X
287 547 345 610 V,
389 548 607 595 aluminis
651 548 814 609 liquidi
855 548 894 594 X
924 548 981 611 V,
1027 551 1122 610 opii
1160 550 1199 596 X
1229 549 1278 613 V,
1323 550 1459 612 amyli
1497 551 1537 597 X
1567 550 1645 614 VI,
1691 566 1811 614 myr-
1834 566 1855 598 5

215 631 294 663 rae
339 617 378 663 X
416 617 472 681 V,
518 620 646 665 croci
690 618 730 664 X
766 617 866 681 VII,
918 618 1196 680 plantaginis
1242 622 1344 667 suci
1388 620 1428 666 X
1474 620 1537 666 ΙΙΙ
1589 627 1636 667 et
1685 624 1811 683 passi

214 686 399 748 Myconi
436 688 560 748 quod
600 689 712 734 satis
750 689 842 734 erit
880 690 1003 735 tritis
1038 689 1286 750 diligenter
1318 705 1457 751 supra
1490 691 1678 751 scriptis
1709 705 1810 752 spe-

215 756 378 803 ciebus
415 757 706 819 miscebitur,
744 759 858 804 fient
893 759 1063 819 pastilli
1102 759 1157 805 ad
1189 759 1404 806 denarios
1436 760 1645 821 singulos
1677 768 1723 807 et
1753 761 1809 808 ad

214 828 448 889 semisses,
487 829 568 888 qui
604 842 688 888 pro
728 834 876 874 aetate
907 835 987 875 aut
1018 829 1196 875 viribus
1226 831 1400 876 infirmi
1429 845 1485 876 ex
1517 845 1663 891 aquae
1694 833 1809 892 tepi-

213 895 297 942 dae
335 897 513 958 cyathis
551 897 703 943 tribus
741 899 897 944 ieiuno
937 898 1184 945 dabuntur.
1833 915 1874 946 ιο

354 966 423 1013 Ad
460 968 764 1014 reiectionem
803 970 1041 1028 sanguinis
1086 983 1142 1014 ex
1187 983 1268 1014 ore
1308 970 1539 1015 manantis
1578 970 1811 1031 symphyti

213 1035 344 1082 radix
389 1037 438 1082 in
483 1038 588 1083 vino
634 1037 825 1084 decocta
864 1038 1116 1084 salubriter
1157 1038 1354 1102 bibitur,
1397 1038 1585 1099 ligustri
1622 1054 1809 1101 quoque

213 1119 377 1151 sucum
422 1107 579 1152 ieiuno
617 1122 702 1168 per
747 1107 956 1153 triduum
1002 1108 1129 1170 dato,
1174 1109 1330 1155 statim
1377 1107 1646 1171 subvenies3
1690 1123 1808 1170 quae

212 1189 288 1220 res
327 1183 373 1221 et
410 1178 680 1222 torminosis
718 1183 764 1222 et
803 1177 1098 1238 dysintericis
1136 1184 1207 1223 est
1245 1176 1458 1224 salubris.
1512 1177 1562 1223 Si
1599 1192 1653 1224 ex
1694 1193 1806 1239 quo-

211 1259 412 1305 cumque
465 1248 676 1306 corporis
730 1246 829 1292 loco
882 1248 1070 1307 sanguis
1114 1261 1199 1307 per
1244 1247 1572 1293 abundantiam
1617 1249 1805 1294 nimiam
1831 1263 1870 1295 15

210 1313 437 1361 exuberet
468 1322 514 1361 et
544 1315 671 1378 fluat,
705 1315 877 1362 herbae
910 1315 1107 1362 Sabinae
1139 1331 1294 1379 sucuS,
1327 1323 1527 1377 quantus
1559 1317 1805 1380 videbitur,

210 1385 306 1431 sive
352 1385 513 1431 viridis
559 1388 654 1432 sive
702 1388 852 1432 siccae
901 1388 1128 1433 contritae
1178 1401 1232 1433 ex
1287 1388 1390 1432 vino
1443 1388 1596 1447 picato
1651 1395 1805 1434 vetere

209 1456 384 1515 optimo
429 1456 586 1501 ieiuno
634 1470 717 1516 per
768 1455 978 1502 triduum
1031 1456 1237 1518 dabitur;
1290 1456 1471 1502 sanabit
1513 1456 1628 1503 haec
1676 1460 1804 1518 potio

208 1526 346 1570 etiam
385 1526 433 1570 in
472 1527 590 1571 vitae
629 1526 897 1571 discrimine
938 1528 1258 1572 constitutum.
1318 1525 1449 1572 Facit
1486 1532 1641 1573 autem
1672 1527 1803 1574 etad

208 1593 381 1640 colicos
427 1601 474 1641 et
519 1595 574 1640 ad
623 1595 953 1658 dysintericOS,
999 1595 1170 1656 quibus
1215 1602 1369 1642 tamen
1416 1595 1608 1643 decocta
1653 1597 1802 1644 datur.
1826 1613 1868 1644 20

207 1662 296 1718 Qui
334 1663 490 1710 subito
529 1667 768 1725 sanguinis
805 1666 982 1711 vomitu
1021 1665 1221 1729 laborat,
1266 1665 1507 1712 corallium
1552 1673 1802 1713 contusum

207 1741 254 1779 et
298 1735 345 1779 in
392 1734 630 1794 pulverem
675 1735 918 1781 redactum
963 1750 1018 1780 ex
1062 1737 1250 1796 potione
1288 1737 1432 1782 mixta
1470 1735 1616 1782 calida
1661 1736 1802 1783 bibat,

346 1803 414 1849 Ad
453 1806 676 1851 vomitum
721 1807 917 1851 nimium
959 1805 1311 1866 reprimendum
1349 1805 1554 1866 sulpuris
1592 1807 1682 1852 vivi
1720 1822 1801 1867 pu-

205 1871 359 1919 sillum
399 1880 446 1920 et
482 1888 695 1920 rasamen
733 1875 790 1921 de
829 1889 978 1921 cornu
1016 1876 1142 1921 cervi
1178 1875 1460 1939 tantundem
1497 1877 1546 1921 in
1583 1889 1670 1921 ovo
1705 1891 1801 1922 sor-

204 1942 287 1989 bili
324 1944 487 1990 tritum
526 1951 573 1990 et
608 1947 892 2005 permixtum
929 1944 1027 1991 bibi
1064 1945 1178 1991 utile
1217 1951 1300 1991 est.
1374 1944 1477 2006 His,
1525 1946 1606 2006 qui
1643 1945 1798 1992 cibum
1822 1959 1863 1991 25

204 2027 298 2058 non
337 2015 593 2076 continent,
632 2015 755 2060 aloes
794 2016 1038 2061 minimum
1077 2029 1184 2061 curn
1215 2015 1381 2075 frigida
1412 2029 1530 2075 aqua
1559 2017 1692 2075 potui
1723 2015 1799 2062 da-

203 2089 303 2128 tum
339 2082 594 2143 plurimum
633 2084 839 2145 prodest.
891 2084 1209 2131 Personaceae
1240 2084 1412 2130 herbae
1442 2084 1571 2130 radix
1604 2092 1799 2132 contusa

202 2152 382 2198 adiecto
421 2154 604 2199 modico
643 2153 737 2200 sale
777 2160 823 2201 et
859 2155 965 2200 vino
1003 2169 1163 2214 sparsa
1208 2160 1254 2200 et
1298 2153 1487 2201 cottidie
1526 2168 1693 2200 recens
1731 2157 1797 2200 in-

201 2224 350 2282 posita
390 2237 532 2283 super
570 2229 802 2270 tumorem
841 2224 1066 2270 stomachi
1103 2225 1306 2270 vomicas
1344 2237 1505 2270 omnes
1542 2238 1628 2284 per
1659 2224 1795 2270 sudo-

201 2305 301 2352 rem
340 2295 750 2354 emanationesque
789 2293 994 2340 occultas
1031 2299 1248 2354 potenter
1286 2299 1525 2353 expurgat.
1583 2293 1792 2340 Mandra·
1816 2309 1858 2339 30

200 2375 338 2421 gorae
377 2362 516 2424 drag„
553 2363 819 2425 hyoscyami
856 2364 1144 2425 tantundem,
1182 2364 1460 2423 opopanacis
1492 2362 1630 2425 idem,
1668 2365 1794 2410 croci

202 2430 347 2478 Siculi
393 2433 686 2495 tantundem,
738 2447 920 2494 myrrae
966 2440 1114 2495 atque
1151 2434 1269 2479 turis
1315 2431 1548 2494 similiter,
1593 2435 1794 2492 gummis

341 2570 364 2607 3
396 2566 649 2619 clycerizae.
795 2567 1020 2620 symphiti.
1164 2570 1188 2608 5
1218 2566 1345 2608 verba
1383 2564 1475 2619 opii
1504 2564 1545 2606 X
1566 2565 1619 2619 V,
1658 2567 1792 2620 amyli

198 2619 238 2661 X
261 2619 336 2673 VI,
367 2635 539 2675 myrrae
570 2621 611 2663 X
635 2623 686 2675 V,
717 2624 833 2664 croci
862 2621 903 2663 X
925 2622 1006 2664 VII
1036 2634 1114 2664 om.
1252 2627 1274 2663 7
1306 2622 1481 2669 miconi„
1614 2626 1639 2664 8
1669 2622 1790 2664 fiant.

199 2681 249 2716 11
283 2678 509 2730 symphiti.
649 2683 700 2719 14
731 2678 1016 2720 disentericis.
1148 2682 1200 2718 20
1231 2677 1522 2719 disintericos.
1639 2681 1692 2719 24
1721 2690 1791 2719 ra-

198 2732 370 2786 samen]
401 2733 592 2775 ramenti
624 2734 874 2776 Gornarius.
963 2736 1016 2775 25
1048 2734 1116 2775 est
1137 2737 1237 2787 post
1266 2733 1375 2775 utile
1405 2747 1483 2775 om.
1565 2737 1617 2775 26
1647 2733 1787 2787 putui.

197 2792 248 2828 31
281 2787 536 2840 hyosciami.
