1898 3016
771 120 1149 170 —188—

164 252 303 307 atque
341 245 446 292 ideo
481 260 573 292 non
605 247 728 293 idem
760 247 975 294 omnibus
1006 254 1260 310 praestant,
1291 262 1396 295 cum
1427 250 1615 295 interim
1645 249 1760 296 haec

164 316 360 362 mirifica
404 322 720 377 temperatura
766 319 1023 378 composita
1068 318 1292 364 mirificos
1338 318 1531 365 effectus
1579 318 1760 366 habeat.

304 384 436 432 Facit
465 400 574 432 vero
605 386 696 433 hoc
727 387 1117 434 medicamentum
1147 402 1240 434 non
1272 387 1423 434 solum
1446 388 1502 435 ad
1535 388 1763 435 stomachi

165 461 211 502 et
255 454 415 502 lateris
461 455 691 517 dolorem,
735 457 816 503 sed
863 459 1001 503 etiam
1048 457 1103 503 ad
1140 457 1275 518 plura
1322 459 1432 504 vitia
1485 458 1761 521 efficaciter3

165 524 468 586 quamobrem
507 540 692 587 semper
722 525 989 573 habendum
1013 533 1084 574 est
1108 529 1432 588 compositum.
1482 527 1762 575 Percurram
1783 539 1804 570 5

165 602 320 642 autem
354 610 493 657 quam
517 595 807 659 brevissime,
838 596 894 643 ad
920 611 1038 658 quae
1063 598 1171 644 vitia
1195 597 1394 658 qualiter
1418 597 1576 644 datum
1599 599 1762 662 prosit,

164 670 218 711 ut
256 671 302 711 et
338 666 387 711 in
424 665 580 712 libello
620 667 722 712 eius
760 667 989 728 scriptum
1028 673 1099 714 est
1136 673 1183 714 et
1220 681 1304 728 ego
1344 682 1400 714 ex
1434 681 1599 729 magna
1630 673 1763 729 parte

165 741 388 796 expertus
427 750 546 783 sum.

308 804 449 852 Sanat
487 819 598 866 ergo
637 805 799 852 morbo
838 806 1059 854 comitiali
1097 815 1353 870 correptos,
1396 810 1513 868 quos
1551 806 1762 868 epilepti-

166 889 246 921 cos
285 874 451 921 Graeci
486 881 673 939 vocant,
712 882 759 922 et
797 876 1019 940 furiOSOS,
1065 891 1182 937 quos
1220 891 1549 923 maenomenos
1587 876 1764 923 dicunt.
1787 888 1830 917 10

166 944 284 991 Item
329 951 460 992 sanat
505 945 676 1006 quibus
721 945 878 993 subito
923 945 1145 993 tenebrae
1183 946 1493 994 obversantur
1529 947 1578 993 in
1616 946 1763 993 oculis

167 1028 275 1061 cum
313 1016 540 1076 vertigine
580 1015 792 1079 quadam,
831 1018 1158 1063 scotomaticos
1188 1017 1274 1063 hos
1313 1016 1478 1063 Graeci
1518 1015 1764 1079 appellant,

166 1098 254 1130 nec
297 1086 455 1132 minus
499 1084 680 1132 diutino
722 1087 953 1146 correptis
991 1087 1157 1147 capitis
1195 1085 1375 1148 dolore,
1420 1101 1560 1147 quem
1597 1085 1763 1146 cepha-

166 1153 313 1200 laeam
351 1154 606 1218 appellant,
650 1155 844 1216 prodest
888 1155 993 1202 data
1037 1155 1242 1202 denariis
1287 1155 1470 1203 duobus
1516 1170 1572 1202 ex
1617 1169 1764 1217 aquae

167 1223 345 1270 mulsae
390 1224 568 1286 cyathis
615 1231 855 1287 quattuor,
901 1240 1009 1272 cum
1049 1227 1236 1272 remissi
1272 1226 1468 1288 fuerint,
1512 1231 1559 1272 et
1597 1227 1638 1272 si
1674 1226 1763 1290 fre·
1788 1236 1832 1268 15

169 1299 389 1357 quenter,
435 1293 605 1355 quibus
650 1297 915 1342 necessaria
960 1301 1053 1358 est,
1099 1297 1436 1358 corripientur,
1482 1302 1590 1357 post
1632 1294 1766 1342 binas

167 1370 383 1411 ternasve
421 1366 716 1411 accessiones
754 1365 901 1412 danda
941 1367 1043 1412 erit.
1098 1365 1223 1412 Haec
1261 1366 1494 1412 antidotos
1531 1365 1662 1412 hiera
1700 1365 1766 1411 di-

170 1435 315 1496 citur3
351 1434 440 1481 hoc
479 1436 604 1481 enim
642 1450 812 1482 nomen
849 1434 1016 1482 tribuit
1054 1436 1097 1481 ei
1132 1443 1325 1497 propter
1357 1435 1471 1482 duas
1502 1449 1680 1497 causas,
1714 1441 1767 1481 ut

171 1505 407 1567 existim03
445 1519 600 1567 unam,
639 1520 697 1551 ne
728 1519 899 1552 nomen
930 1507 1031 1552 eius
1062 1519 1224 1551 verum
1255 1505 1452 1552 dicendo
1484 1505 1767 1567 ostenderet,

170 1588 288 1635 quae
328 1581 453 1621 esset
476 1600 543 1607 —
568 1574 742 1622 dicitur
780 1576 903 1621 enim
934 1589 959 1621 a
990 1574 1269 1636 quibusdam
1300 1577 1442 1638 picra,
1474 1576 1582 1636 quia
1613 1589 1767 1621 amara
1789 1585 1832 1617 20

170 1650 255 1706 est,
294 1658 318 1690 a
357 1644 638 1706 quibusdam
675 1644 748 1691 dia
787 1644 1138 1706 colocynthidos
1170 1670 1234 1677 ——
1266 1644 1472 1707 alteram,
1507 1645 1631 1706 quod
1661 1645 1766 1691 ideo

169 1713 371 1761 inditum
411 1721 495 1778 est,
535 1729 626 1776 quo
656 1715 804 1775 magis
835 1714 923 1761 sub
954 1720 1081 1761 tanta
1113 1716 1268 1776 specie
1299 1716 1501 1761 nominis
1533 1729 1766 1761 commen-

170 1783 303 1830 daret
346 1784 753 1831 medicamentum.
827 1784 918 1831 Sed
965 1786 1005 1831 si
1049 1785 1186 1845 longo
1232 1799 1289 1831 ex
1332 1783 1574 1831 intervallo
1613 1798 1767 1831 acces-

171 1853 384 1901 sionibus
416 1868 557 1916 supra
588 1856 790 1917 scriptis,
830 1854 1001 1916 quibus
1032 1854 1314 1901 medendum
1345 1861 1428 1917 est,
1460 1853 1767 1917 vexabuntur,

169 1926 218 1970 in
256 1925 534 1970 remissione
572 1939 733 1971 earum
779 1930 826 1971 et
869 1925 918 1970 in
955 1925 1042 1971 alio
1081 1930 1220 1986 atque
1259 1924 1347 1971 alio
1386 1924 1544 1971 dolore
1583 1925 1768 1986 saepius
1791 1935 1834 1967 25

172 1993 375 2040 dandum
414 1996 504 2040 erit
539 1995 953 2057 medicamentum3
998 1996 1062 2041 ita
1107 1996 1230 2041 enim
1274 2001 1353 2041 aut
1390 2009 1446 2041 ex
1484 1999 1581 2041 toto
1619 2008 1767 2041 reme-

171 2063 377 2110 diabitur
415 2070 494 2110 aut
531 2071 659 2111 certe
697 2066 936 2111 minuetur
968 2066 1172 2125 impetus
1202 2065 1421 2110 vitiorum
1452 2069 1498 2110 et
1529 2063 1768 2110 sedabitur

170 2133 506 2195 intervallaque
544 2136 720 2181 maiora
750 2135 962 2195 accipiet.
1014 2134 1123 2180 Dari
1152 2140 1307 2181 autem
1338 2132 1572 2194 oportebit
1603 2147 1767 2179 secun-

172 2203 280 2250 dum
326 2205 653 2265 purgationem
698 2203 824 2267 bilis,
870 2219 975 2250 nam
1021 2203 1164 2250 fellita
1209 2210 1255 2250 et
1293 2217 1510 2264 spumosa
1548 2209 1594 2249 et
1631 2201 1767 2263 gluti-

172 2288 285 2320 nosa
332 2274 540 2320 deiciunt
584 2275 665 2335 qui
710 2275 998 2336 acceperint,
1044 2288 1155 2320 cum
1188 2275 1397 2334 ptisanae
1436 2287 1647 2318 cremore
1685 2279 1764 2319 aut
1788 2283 1831 2314 30

173 2358 280 2390 cum
316 2343 476 2390 holere
515 2343 605 2390 levi
643 2358 698 2390 ex
736 2346 888 2390 urtica
926 2350 972 2390 et
1009 2343 1192 2404 lapatho
1232 2349 1278 2389 et
1314 2342 1459 2388 malva
1497 2342 1631 2388 facto.

312 2412 444 2460 Facit
487 2413 606 2459 bene
650 2413 765 2460 haec
811 2415 1086 2475 compositio
1131 2419 1178 2459 et
1220 2413 1275 2458 ad
1322 2413 1575 2472 suspirium
1626 2418 1671 2458 et
1709 2411 1765 2458 ad

171 2484 299 2529 vocis
338 2483 647 2530 abscisionem
687 2490 733 2530 et
770 2483 826 2529 ad
865 2483 1042 2530 subitas
1072 2482 1442 2543 praefocationes
1473 2496 1528 2527 ex
1561 2481 1767 2542 qualibet

172 2567 311 2599 causa
342 2559 466 2600 ortas
497 2559 544 2600 et
574 2552 631 2599 ad
662 2567 756 2615 eos,
788 2554 870 2614 qui
900 2567 1036 2614 saepe
1067 2553 1333 2598 existimant
1364 2565 1412 2598 se
1444 2551 1500 2597 ab
1531 2550 1765 2598 incubone

314 2718 365 2755 21
404 2715 533 2756 verba
568 2714 686 2767 quod
722 2714 821 2755 ideo
858 2712 1048 2754 inditum
1080 2714 1167 2765 est,
1205 2726 1314 2766 quae
1343 2714 1463 2766 apud
1492 2712 1767 2756 Scribonium

173 2770 340 2822 desunt,
370 2771 550 2813 delenda
579 2771 791 2813 videntur.
907 2773 959 2810 33
990 2768 1303 2812 abscissionem
1336 2768 1585 2811 Carnarius.
