1898 3016
797 87 1193 136 —86—‘

89 213 324 261 159Nardi
369 212 519 259 Indici
565 213 637 259 vel
686 213 863 275 Syriaci
907 229 963 260 ex
1007 216 1113 260 vino
1159 220 1315 260 vetere
1364 216 1464 260 triti
1514 216 1768 276 siccatique

174 283 326 344 pulvis
357 297 442 343 pro
473 283 779 344 xerocollyrio
811 283 960 330 oculis
996 285 1228 344 inpositus
1268 283 1543 330 mirabiliter
1578 285 1769 345 prodest

87 363 168 400 160
182 353 237 399 ad
269 352 556 399 valetudines
589 368 730 413 supra
761 355 972 413 scriptas.
1010 353 1100 398 Mel
1130 355 1355 414 optimum
1380 354 1692 416 despumahis,
1716 362 1768 401 ut

170 422 290 468 bene
327 437 499 484 purum
539 424 612 483 sit,
651 429 697 468 et
734 422 1013 469 admiscebis
1050 424 1152 483 pari
1189 437 1408 470 mensura
1439 438 1604 470 sucum
1634 430 1767 469 rutae

169 499 216 538 et
261 492 434 538 herbae
481 492 770 538 chelidoniae
816 500 956 553 atque
1002 493 1057 539 ad
1103 495 1266 539 tertias
1307 493 1540 554 decoques
1578 499 1625 539 et
1662 504 1811 539 cum5

170 564 325 608 omnia
362 562 482 608 bene
520 564 871 623 permiscueris,
909 564 957 609 in
996 562 1196 623 ampulla
1233 564 1379 609 vitrea
1411 563 1498 609 sub
1531 562 1767 622 signaculo

169 631 377 678 servabis
424 638 470 677 et
515 634 663 677 uteris
709 634 827 678 miro
866 632 1172 679 medicamine
1210 633 1267 678 ad
1305 632 1497 679 scabros
1535 639 1581 679 et
1617 631 1768 693 lippos

169 701 329 748 oculos
367 702 677 762 inungendos.
751 701 888 748 Item
926 702 988 748 ad
1028 702 1321 748 oculorum
1359 717 1556 748 causas
1595 716 1767 748 reme-

169 771 258 817 dia
303 772 540 832 physica
579 777 633 817 et
670 771 1038 818 rationabilia
1077 772 1320 834 diversa,
1365 772 1418 818 id
1465 779 1549 818 est
1587 771 1767 818 oculis

167 843 285 888 ictu
324 841 497 887 laesis
538 849 590 887 et
629 843 675 887 si
714 842 846 902 quid
880 841 1070 887 subito
1102 856 1196 887 eos
1229 842 1410 888 fuerit
1441 843 1766 902 ingressum
1792 854 1832 884 10

168 917 222 957 et
259 911 558 957 adversum
597 911 890 957 molestias
927 911 1174 971 pilorum
1213 918 1266 957 et
1303 911 1363 957 ad
1398 912 1683 972 aegilopas
1716 919 1767 957 et

168 981 230 1026 ad
270 980 602 1042 nyctalopas
634 981 781 1027 etad
813 981 1060 1043 varulos,
1098 982 1150 1027 id
1184 988 1269 1027 est
1306 981 1608 1027 hordeolos
1639 996 1766 1027 ocu-

168 1050 238 1096 lis
277 1051 546 1111 infestos,
591 1050 679 1096 his
729 1051 952 1096 additae
989 1051 1135 1097 infra
1174 1050 1545 1112 collyriorum
1583 1051 1765 1096 diver-

83 1129 362 1167 161sorum
402 1121 812 1167 confectiones.
872 1120 1178 1181 Quocumque
1208 1122 1306 1166 ictu
1337 1120 1490 1166 laesus
1527 1120 1691 1166 oculus
1729 1122 1769 1166 si

169 1189 554 1251 sanguinolentus
578 1189 824 1252 videbitur,
855 1190 1154 1250 palumbinus
1187 1191 1231 1235 ei
1254 1190 1324 1235 vel
1348 1190 1552 1250 perdicis
1576 1189 1648 1235 vel
1670 1195 1767 1236 tur·
1792 1202 1831 1232 15

167 1262 289 1306 turis
315 1261 517 1320 sanguis,
547 1266 627 1306 aut
651 1262 690 1305 si
712 1260 826 1306 haec
851 1259 1062 1305 animalia
1085 1274 1179 1305 non
1211 1268 1362 1321 erunt,
1393 1258 1688 1306 columbinus
1711 1259 1768 1306 de

87 1332 317 1390 162pinna
341 1329 551 1376 sublatus
576 1332 746 1391 statim,
775 1330 821 1376 id
847 1335 919 1375 est
942 1329 1091 1375 adhuc
1116 1329 1285 1390 calens,
1315 1329 1602 1375 infundatur.
1640 1329 1768 1376 Bitu-

167 1401 306 1463 mine,
342 1399 566 1460 sulphure
599 1405 645 1445 et
675 1406 780 1446 ture
811 1401 1056 1460 permixtis
1084 1399 1242 1445 oculos
1266 1401 1363 1446 ictu
1387 1399 1536 1445 laesos
1561 1399 1769 1445 suffumi-

84 1476 293 1531 163gat0,
325 1472 480 1516 statim
513 1469 713 1533 sanabis,
745 1471 784 1515 si
816 1470 1088 1529 frequenter
1118 1469 1165 1515 id
1196 1469 1378 1516 feceris.
1429 1468 1597 1531 Herba,
1630 1483 1767 1530 quam

166 1539 331 1586 Graeci
362 1539 684 1601 sarcocollam,
722 1554 807 1585 nos
845 1541 1159 1599 argemoniam
1198 1539 1497 1600 appellamus,
1535 1541 1575 1584 si
1604 1539 1766 1585 viridis
1790 1551 1830 1580 20

166 1610 269 1670 erit,
299 1610 424 1670 trita,
457 1610 528 1655 sin
560 1609 701 1670 arida,
739 1608 883 1655 calida
916 1623 1034 1669 aqua
1064 1615 1309 1671 macerata,
1341 1623 1432 1669 quo
1464 1608 1645 1654 facilius
1675 1611 1766 1654 teri

164 1681 326 1741 possit,
351 1679 480 1725 inlita
505 1678 652 1725 oculis
678 1678 994 1739 sugillationes
1017 1678 1282 1738 livoresque
1306 1693 1469 1724 eorum
1492 1684 1673 1724 mature
1698 1678 1764 1724 di-

87 1751 333 1797 164scutit.
388 1748 623 1809 Sanguine
654 1747 920 1794 hirundinis
950 1749 1129 1794 recenti
1155 1762 1207 1794 ac
1232 1748 1387 1808 tepido
1411 1749 1633 1794 inunctus
1657 1763 1766 1794 ocu-

43 1838 46 1841 ·
83 1819 245 1867 1651us
274 1820 373 1865 ictu
403 1818 557 1864 laesus
596 1824 643 1864 et
678 1832 846 1865 cruore
878 1819 1085 1864 suffusus
1117 1819 1271 1864 statim
1303 1817 1556 1864 sanabitur.
1618 1817 1765 1864 Radix

165 1896 298 1935 rutae
330 1890 439 1935 trita
464 1894 510 1935 et
533 1888 663 1934 inlita
687 1888 835 1934 oculis
859 1902 1028 1934 cruore
1053 1888 1241 1934 suffusis
1267 1889 1406 1934 etiam
1429 1902 1695 1934 commansa
1719 1894 1767 1934 et
1788 1899 1828 1929 25

165 1958 357 2004 adsidue
382 1959 531 2018 posita
555 1958 808 2019 plurimum
833 1958 1046 2020 prodest3
1071 1959 1230 2004 vinum
1250 1972 1450 2019 quoque,
1475 1959 1522 2003 in
1547 1972 1639 2018 quo
1661 1964 1765 2003 ruta

84 2039 163 2078 166
174 2028 251 2074 diu
275 2029 417 2074 fuerit
441 2034 685 2089 macerata,
709 2027 1047 2074 rationabiliter
1066 2027 1341 2074 infunditur.
1378 2027 1587 2073 Mulieris
1606 2028 1765 2087 primi-

166 2112 304 2159 parae
335 2112 480 2159 purae
512 2113 564 2144 ac
595 2098 770 2144 nitidae
801 2097 940 2144 saliva
963 2099 1133 2143 ieiunis
1156 2097 1376 2143 instillata
1400 2095 1546 2142 oculis
1570 2096 1765 2142 livorem

84 2179 162 2216 167
175 2168 573 2228 suffusionemque
605 2167 859 2229 quamlibet
881 2174 1123 2214 cruentam
1150 2167 1402 2213 efficaciter
1425 2166 1598 2212 adimit.
1650 2165 1764 2212 Her-

166 2237 251 2284 bae
283 2240 542 2284 vettonicae
574 2237 682 2284 folia
720 2244 844 2284 teres
883 2243 931 2283 et
961 2237 1067 2283 salis
1105 2238 1207 2283 triti
1243 2236 1478 2282 modicum
1515 2236 1687 2282 adicies
1717 2243 1763 2282 et
1785 2249 1826 2279 30

166 2322 309 2368 super
345 2309 441 2354 ictu
481 2307 750 2368 perculsum
787 2307 860 2353 vel
894 2306 1142 2354 cruoribus
1177 2306 1405 2352 suffusum
1437 2305 1623 2352 oculum
1655 2320 1761 2351 con·

164 2377 350 2439 ligabis,
389 2379 506 2424 mire
544 2377 776 2439 proderit3
813 2391 919 2422 nam
950 2376 1133 2437 quando
1172 2377 1216 2422 ei
1252 2376 1297 2421 id
1337 2375 1544 2437 solveris,
1581 2375 1761 2421 videbis

166 2461 222 2492 ex
262 2462 315 2493 eo
355 2449 630 2508 sanguinem
668 2446 923 2507 destillare,
967 2448 1030 2492 ita
1075 2459 1260 2491 omnem
1305 2459 1491 2491 causam
1537 2445 1760 2491 extrahet.

85 2515 298 2565 168Lana
336 2517 496 2563 sucida
541 2517 796 2563 madefacta
842 2516 942 2562 oleo
980 2517 1181 2576 vinoque
1225 2517 1454 2576 permixto
1500 2530 1552 2561 ac
1596 2521 1760 2576 tepens

167 2586 314 2632 oculis
371 2588 666 2647 superposita
718 2587 891 2646 optime
951 2586 1059 2631 vitia
1111 2599 1252 2645 supra
1305 2586 1478 2645 scripta
1530 2590 1760 2646 persanat.
1785 2596 1825 2627 35

280 2738 332 2775 33
365 2733 581 2776 distillare
615 2734 867 2776 Carnarius
