1898 3016
748 98 1124 148 —147—

145 227 216 275 vel
253 241 370 289 quae
407 227 528 273 intra
566 241 619 273 os
656 226 814 273 dolent
851 227 1070 274 conficies
1107 227 1195 273 sic:
1239 225 1421 287 Piperis
1463 251 1520 259 —
1563 225 1596 287 1,
1634 226 1731 274 solii

145 321 209 330 —
242 296 282 358 1,
320 297 474 357 spicae
513 296 646 342 nardi
685 290 746 363 ,9-
779 295 882 358 XII,
919 310 1100 358 myrrae
1140 289 1201 362 ῼα
1233 294 1338 357 XII,
1383 297 1503 342 costi
1541 290 1603 363 Ἴθι
1634 295 1732 359 XII,

86 404 89 407 .
145 367 294 413 casiae
324 364 504 412 fistulae
538 359 598 432 ,9-
624 364 722 427 XIl,
754 365 877 412 aloes
909 359 970 432 9·
994 364 1092 427 1111,
1121 371 1278 425 guttae
1309 366 1584 412 ammoniaci
1606 392 1675 398 —
1697 365 1731 428 I,

145 434 435 483 dactulorum
486 449 592 481 ossa
635 442 908 482 exustorum
955 429 1017 502 „9⁶
1054 434 1160 496 XII,
1211 434 1450 481 salsarum*
1488 435 1731 482 sardarum

22 518 29 524 ·
101 520 122 552 s
144 506 295 565 capita
330 506 439 551 trita
479 497 540 570 9-
571 503 668 565 XII,
705 511 837 551 rutae
875 505 1066 551 seminis
1105 498 1166 571 ,9ae
1197 503 1294 566 XII,
1331 510 1514 550 mentae
1547 498 1608 571 9⁴
1632 503 1731 562 XII,

142 574 269 635 pulei
306 567 367 641 9-
399 572 502 635 XII,
541 573 716 635 anethi,
761 575 875 636 apii,
913 573 1118 636 coliculi,
1167 573 1459 637 cucurbitae,
1503 573 1731 620 marrubii

143 645 282 701 scrip.
320 643 544 690 duodena.
609 642 773 689 Omnia
818 643 988 690 tundes
1026 650 1072 690 et
1109 657 1274 690 cernes
1312 649 1359 690 et
1397 657 1514 705 quae
1551 643 1730 690 urenda

143 720 253 759 sunt
290 726 432 774 super
468 718 640 758 testum
679 712 927 759 combures
958 719 1006 759 et
1035 719 1159 759 teres
1193 720 1332 774 atque
1363 715 1411 759 in
1442 727 1550 759 vaso
1580 714 1729 759 vitreo

142 795 341 843 repones
379 788 425 828 et
461 795 567 828 cum
606 796 723 843 opus
761 782 916 844 fuerit,
954 784 1079 829 sicco
1118 797 1172 829 eo
1210 787 1372 829 uteris.

80 867 120 899 ιο
282 851 349 897 Ad
393 850 660 912 synanchen
704 851 963 898 remedium
1009 852 1096 899 sic:
1156 851 1434 898 Cuniculum
1478 853 1634 898 vivum
1682 853 1729 898 in
1761 859 1813 898 66

143 919 229 967 olla
274 919 382 966 rudi
425 919 672 967 combures
717 927 763 967 et
810 921 1048 981 pulverem
1093 921 1150 967 de
1195 923 1296 982 ipso
1345 927 1475 967 costo
1523 927 1571 967 et
1621 920 1729 966 folio

140 991 302 1050 aequis
351 989 638 1051 ponderibus
690 990 909 1037 miscebis
969 998 1014 1037 et
1071 992 1139 1037 sic
1198 992 1246 1037 in
1298 992 1485 1052 potione
1540 989 1732 1051 plenum

141 1059 350 1106 cocleare
382 1059 439 1105 de
468 1058 557 1106 hoc
587 1058 777 1120 pulvere
809 1074 915 1106 cum
947 1061 1052 1106 vino
1083 1060 1214 1106 dabis
1239 1066 1376 1123 atque
1408 1061 1547 1106 etiam
1572 1060 1731 1106 fauces

140 1128 248 1174 inde
285 1127 574 1189 perfricabis.
638 1127 786 1190 Caput
821 1130 1006 1191 viperae
1044 1129 1234 1176 linteolo
1273 1129 1556 1191 conligatum
1593 1128 1730 1175 collo·
1762 1138 1815 1176 67

79 1212 120 1244 15
144 1212 233 1259 que
271 1211 550 1258 suspensum
597 1197 716 1244 toles
760 1200 933 1260 optime
980 1204 1110 1245 sanat
1153 1206 1234 1246 aut
1276 1199 1494 1260 prohibet
1538 1200 1731 1245 innasci.

140 1266 231 1313 Lac
276 1281 534 1327 caprunum
578 1281 683 1313 cum
730 1268 874 1314 malva
920 1274 967 1314 et
1007 1270 1174 1328 exiguo
1213 1269 1306 1314 sale
1346 1269 1592 1315 decoctum
1629 1282 1730 1328 gar·
1762 1276 1814 1315 68

141 1338 486 1397 garizatumque
531 1336 698 1383 tosillis
738 1339 887 1397 prime
925 1338 1150 1384 medetur.
1224 1338 1466 1385 Menarum
1504 1337 1731 1384 salsarum
1761 1346 1813 1385 69

140 1411 352 1451 ustarum
390 1405 447 1451 de
486 1406 715 1466 capitibus
753 1408 871 1452 cinis
909 1421 965 1453 ex
1001 1407 1136 1453 melle
1170 1407 1332 1454 inlitus
1363 1406 1575 1454 faucibus
1605 1408 1730 1467 angi—

140 1489 246 1520 nam
283 1474 482 1521 cohibet.
554 1475 698 1536 Aqua,
734 1477 782 1521 in
821 1490 912 1537 qua
948 1490 1053 1522 mus
1091 1482 1253 1523 coctus
1290 1478 1445 1540 fuerit,
1483 1476 1728 1522 adversum
1759 1485 1812 1523 7ο

76 1557 117 1588 20
140 1545 328 1604 anginas
373 1543 622 1590 salubriter
666 1546 812 1592 inscio
857 1546 1145 1606 propinatur.
1219 1545 1420 1593 Caninae
1466 1547 1589 1593 cutis
1627 1559 1727 1592 cor·
1761 1555 1813 1593 71

138 1614 308 1672 rigium
340 1620 412 1659 ter
443 1612 558 1659 collo
590 1614 928 1661 circumdatum
959 1617 1075 1662 mire
1107 1617 1320 1677 anginam
1343 1615 1530 1662 relevat.
1576 1614 1728 1662 Multi·
1761 1625 1814 1662 72

138 1681 282 1742 pedes
318 1683 545 1745 cutioneS,
583 1685 664 1744 qui
699 1685 749 1730 in
786 1690 994 1731 stercore
1031 1691 1290 1732 nascuntur
1321 1687 1494 1747 quique
1527 1685 1732 1731 contacti

138 1754 186 1797 in
223 1750 434 1811 globulos
472 1752 796 1813 conplicantur
833 1753 1010 1800 adiecta
1055 1756 1191 1801 tertia
1229 1762 1360 1815 parte
1401 1756 1583 1801 resinae
1621 1754 1729 1800 vali-

140 1820 330 1866 dissime
369 1822 467 1866 triti
504 1826 551 1867 et
589 1821 872 1883 malagmatis
909 1825 1008 1870 vice
1045 1825 1237 1886 inpositi
1280 1826 1559 1885 incipientes
1597 1837 1729 1884 paro-

77 1901 117 1933 25
140 1889 260 1935 tidas
305 1891 520 1950 aperiunt
570 1897 617 1937 et
668 1898 946 1956 expurgant,
998 1899 1250 1940 maturatas
1302 1908 1412 1940 vero
1463 1899 1729 1954 persanant.

139 1958 350 2020 Axungia
393 1965 527 2005 vetus
572 1974 680 2007 cum
722 1967 841 2008 testa
878 1965 977 2008 vasi
1014 1962 1349 2010 salsamentarii
1387 1970 1582 2009 contusa
1621 1962 1727 2009 sub·
1760 1972 1811 2009 73

139 2035 333 2089 actaque
364 2033 413 2074 et
434 2028 642 2089 adposita
673 2030 994 2078 collectionem
1024 2032 1286 2092 parotidum
1319 2032 1613 2079 laudabiliter
1636 2032 1728 2078 dis-

138 2098 268 2144 cutit.
334 2096 544 2158 Vulpinis
593 2099 823 2146 testiculis
871 2101 1140 2147 recentibus
1184 2103 1421 2162 parotides
1473 2107 1727 2163 perunctae
1760 2111 1813 2148 74
1854 2123 1856 2125 ·

138 2167 229 2213 cito
261 2166 591 2215 discutiuntur.
649 2168 879 2216 Muricum
911 2177 1057 2217 testae
1089 2178 1293 2218 uruntur
1324 2185 1577 2233 earumque
1608 2171 1727 2218 cinis
1760 2179 1810 2217 75

75 2247 116 2278 30
139 2250 246 2282 cum
283 2235 417 2282 melle
453 2238 745 2297 parotidibus
783 2238 1034 2286 salubriter
1070 2242 1324 2301 inponitur.
1391 2240 1522 2287 Fimo
1561 2254 1727 2302 caprae
1759 2249 1810 2286 76

138 2307 335 2366 axungia
379 2312 512 2353 vetus
557 2309 784 2368 permixta
830 2315 876 2355 et
922 2309 1111 2356 subacta
1150 2316 1287 2371 atque
1330 2317 1383 2357 ut
1424 2310 1727 2371 emplastrum

138 2374 344 2435 adposita
382 2376 617 2435 parotidas
655 2384 885 2438 persanat.
947 2378 1095 2425 Calcis
1132 2379 1261 2426 floris
1300 2374 1361 2446 ᾃα
1394 2379 1469 2441 III,
1507 2379 1594 2426 alei
1632 2380 1724 2440 spi-
1758 2388 1808 2425 77

138 2457 216 2489 cas
238 2444 352 2490 duas
375 2459 482 2491 cum
512 2450 708 2508 axungia
739 2447 909 2494 tundes
940 2455 987 2495 et
1015 2450 1212 2510 inpones
1243 2449 1535 2510 parotidibus
1557 2449 1725 2510 malag-

138 2514 273 2558 matis
325 2528 467 2561 more.
539 2515 838 2563 Nasturcium
891 2532 997 2564 cum
1048 2519 1251 2565 lomento
1296 2520 1550 2566 contritum
1595 2523 1727 2565 sanat
1758 2527 1808 2565 78

249 2678 273 2714 3
304 2677 442 2727 gutta.
559 2681 610 2718 10
641 2678 920 2730 synanchem.
1039 2685 1088 2721 12
1121 2682 1166 2721 et
1195 2694 1272 2722 om.
1369 2685 1419 2723 15
1452 2694 1722 2735 suspensam.

136 2732 191 2770 20
221 2734 500 2783 proponatur.
615 2737 667 2774 23
698 2734 914 2788 globolos.
1031 2739 1085 2777 24
1114 2736 1287 2779 uuiuice
1321 2738 1429 2791 (sic).

1388 2806 1471 2848 10*
