1930 3008
744 112 1117 162 -353—

272 243 386 290 Cum
418 256 590 304 porcus
620 240 919 302 iugulabitur,
958 241 998 286 is
1043 240 1124 300 qui
1152 252 1372 285 verrucas
1402 237 1591 284 babebit
1622 253 1723 284 san·
1756 248 1810 286 59

132 317 318 376 guinem
365 315 465 359 eius
511 311 719 359 subiecta
766 325 818 356 ea
868 310 1079 370 corporis
1129 315 1261 370 parte
1315 309 1558 369 suscipiat,
1610 308 1720 354 dum

132 384 281 431 adhuc
320 382 497 429 calidus
528 381 669 443 exilit,
707 387 753 427 et
791 394 895 426 mox
934 378 1016 426 ubi
1054 379 1311 440 siccaverit,
1350 379 1504 424 statim
1545 377 1721 439 abluat3

132 456 277 501 citum
329 452 587 499 remedium
640 451 919 511 experietur.
993 448 1159 495 Mulier
1207 462 1315 494 sane
1360 447 1617 494 remedium
1663 447 1719 493 de

87 534 108 566 5
131 524 310 571 scrofae
350 523 574 582 sanguine
611 521 760 566 saciat.

272 592 464 639 Stercus
508 590 826 637 columbinum
872 588 942 635 vel
987 588 1136 634 solum
1181 587 1252 633 vel
1290 601 1395 634 cum
1434 601 1518 632 ovo
1556 588 1720 634 tritum
1751 595 1805 633 60

131 662 394 709 dolentibus
434 660 643 707 articulis
680 659 865 705 inlitum
896 658 1100 719 prodest.
1161 657 1194 703 F
1199 657 1284 703 elle
1315 658 1476 703 ursino
1507 657 1719 717 perfricti
1751 665 1802 702 61

130 732 318 779 articuli
353 730 511 778 dolore
549 729 892 776 relevabuntur.

268 801 328 847 Ut
364 801 535 860 frigora
573 806 619 845 et
655 800 846 859 pruinas
883 796 1016 843 facile
1056 798 1316 843 sustineant
1347 811 1432 842 nec
1464 795 1720 842 adurantur
1750 804 1804 841 62

67 883 107 914 ιο
129 871 334 933 articuli,
380 877 532 917 terrae
575 868 694 914 malo
740 874 935 914 contuso
974 881 1080 913 cum
1118 868 1314 926 axungia
1352 871 1510 911 vetere
1547 879 1719 926 perun·

128 947 342 1002 guantur.
395 939 605 999 Pampini
639 939 800 984 vitium
834 938 931 982 triti
963 936 1163 982 admixta
1205 935 1440 981 hordiacia
1471 935 1618 980 farina
1648 949 1718 981 ar·
1750 944 1803 981 63

127 1010 379 1057 ticulorum
417 1008 592 1055 morbis
630 1007 890 1054 medentur.
949 1005 1220 1052 Acrifolium
1259 1019 1365 1051 cum
1403 1011 1508 1051 ture
1547 1010 1593 1050 et
1625 1004 1718 1050 sale
1749 1013 1804 1051 64

128 1087 175 1126 et
205 1079 305 1126 oleo
337 1078 580 1125 subactum
611 1078 959 1138 inpositumque
990 1076 1204 1122 medetur
1228 1074 1449 1120 articulis.
1499 1073 1718 1120 Incussos
1749 1082 1802 1121 65

32 1199 35 1205 ,
128 1148 350 1196 articulos
394 1161 665 1194 aranearum
708 1147 825 1192 telae
864 1160 970 1191 cum
1009 1145 1108 1190 oleo
1146 1145 1372 1204 inpositae
1412 1143 1717 1190 saluberrime

32 1239 34 1242 ·
68 1230 108 1262 15
130 1225 304 1265 sanant.
357 1218 596 1264 Fracturis
626 1216 929 1263 articulorum
961 1216 1079 1260 cinis
1110 1229 1164 1260 ex
1196 1213 1452 1260 femoribus
1482 1213 1715 1273 pecudum
1748 1223 1802 1261 66

32 1283 34 1285 ’
128 1288 276 1335 factus
315 1294 361 1334 et
398 1301 504 1334 cum
543 1301 647 1333 cera
685 1287 859 1332 mixtus
897 1286 1012 1330 mire
1051 1284 1277 1330 medetur.

266 1357 489 1403 Invictam
529 1357 767 1418 potionem
806 1354 861 1400 ad
901 1355 1115 1400 sciaticos
1162 1360 1208 1399 ct
1244 1352 1511 1398 arthriticos
1549 1353 1718 1398 facien·
1749 1362 1802 1400 67

128 1435 221 1474 tem
258 1429 306 1473 in
344 1426 478 1473 titulo
517 1427 759 1486 superiore
798 1424 854 1470 de
893 1425 1095 1470 sciaticis
1126 1423 1394 1483 plenissime
1426 1423 1716 1484 scripsimus,

32 1536 34 1558 3
127 1497 208 1544 sed
247 1498 465 1558 quoniam
503 1502 595 1542 tam
634 1495 816 1540 divinus
854 1495 954 1540 eius
993 1493 1186 1538 effectus
1224 1498 1308 1554 est,
1346 1492 1601 1537 iterandam
1635 1506 1717 1552 pu-

32 1574 40 1615 ζ-
66 1579 109 1610 20
129 1567 235 1629 tavi,
267 1581 324 1612 ne
350 1567 453 1627 quis
484 1565 738 1611 arthriticis
762 1563 966 1610 remedia
990 1564 1235 1623 requirens
1259 1561 1397 1607 huius
1427 1563 1718 1621 ignoratione

127 1636 323 1683 fallatur.
361 1635 521 1682 Fimus
559 1648 669 1695 ergo
708 1634 842 1679 ibicis
879 1635 925 1678 in
959 1632 1071 1678 silva
1104 1631 1175 1678 vel
1204 1633 1252 1677 in
1282 1638 1438 1677 monte
1470 1630 1717 1692 colligitur,

128 1707 168 1752 si
205 1706 307 1753 fieri
343 1711 499 1767 potest
534 1704 641 1750 luna
675 1702 815 1765 XVII3
853 1703 926 1748 sin
963 1716 1039 1747 res
1077 1700 1277 1763 urgebit,
1316 1714 1611 1761 quocumque
1643 1700 1717 1746 die

127 1775 382 1837 colligitur3
434 1788 544 1820 sane
594 1772 713 1819 XVII
764 1773 872 1818 luna
924 1771 1313 1818 medicamentum
1364 1771 1467 1815 fieri
1518 1775 1717 1830 oportet,

33 1884 35 1886 .
128 1845 251 1906 quod
290 1846 356 1890 sic
395 1845 556 1890 facies:
608 1842 790 1888 Fimum
832 1843 947 1903 eiuS,
986 1848 1210 1902 quantum
1247 1853 1404 1902 pugno
1443 1839 1580 1900 pleno
1618 1838 1718 1885 tolli

32 1918 39 1954 ἱ
66 1926 107 1958 25
129 1915 315 1976 poterit,
346 1912 594 1959 dummodo
626 1911 793 1972 pilulae
823 1912 976 1971 inpari
1005 1924 1201 1956 numero
1233 1912 1340 1972 sint,
1371 1915 1586 1955 conteres
1610 1908 1718 1954 vali-

32 1981 35 1988 ‘
129 1984 317 2030 dissime
363 1983 417 2029 ad
464 1996 691 2028 summam
734 1980 987 2043 levitatem,
1039 1988 1138 2026 tum
1190 1981 1364 2040 piperis
1409 1993 1551 2039 grana
1595 1977 1718 2023 XXV

127 2053 268 2099 addes
313 2058 359 2099 et
402 2051 551 2098 mellis
595 2051 827 2097 heminam
865 2057 911 2096 et
948 2049 1027 2095 diu
1063 2056 1209 2111 teres3
1255 2049 1423 2095 dehinc
1462 2049 1555 2093 vini
1592 2053 1716 2093 vete-

126 2124 192 2169 ris
223 2123 395 2169 adicies
426 2120 473 2167 8
505 2120 590 2166 ΙΙΙΙ
620 2126 666 2166 et
697 2120 872 2166 conditi
901 2133 1030 2165 more
1062 2118 1279 2165 miscebis
1309 2119 1570 2179 potionem3
1605 2131 1717 2163 sane

128 2194 208 2254 qui
252 2197 532 2252 accepturus
577 2196 647 2236 est
692 2204 746 2236 ex
785 2189 857 2235 die
897 2189 1016 2235 Iovis
1054 2188 1219 2234 diebus
1256 2187 1335 2233 Vll
1373 2188 1607 2233 continuis
1645 2201 1718 2232 ac-

31 2268 106 2322 {30
128 2263 288 2324 cipiat3
333 2262 515 2307 etiamsi
552 2259 767 2306 omnibus
805 2272 997 2304 ossuum
1036 2257 1386 2318 compaginibus
1424 2256 1633 2302 adfectus
1672 2262 1718 2302 et

34 2324 38 2394 '-
127 2338 395 2378 contractus
433 2329 625 2391 iacebit,
669 2331 791 2375 intra
837 2328 934 2374 dies
975 2327 1052 2372 VII
1088 2328 1151 2373 ita
1190 2326 1449 2389 sanabitur,
1495 2331 1548 2372 ut
1584 2339 1717 2371 num-

23 2396 59 2456 ’ᾗΑ
128 2416 264 2462 quam
302 2399 492 2462 paribus
530 2398 768 2445 doloribus
806 2397 1067 2459 inplicetur.

32 2467 35 2477 ’
266 2470 606 2531 Condylomatis
651 2467 954 2515 articulorum
999 2473 1046 2512 et
1085 2479 1336 2512 nervorum
1375 2464 1548 2511 sertula
1586 2463 1715 2510 Cam·
1747 2473 1800 2511 68

268 2595 292 2631 3
324 2589 400 2631 ubi
430 2602 507 2632 om.
658 2594 681 2630 6
714 2589 819 2630 solo.
973 2591 995 2628 7
1027 2586 1086 2628 fel
1116 2586 1326 2627 ursinum.
1469 2589 1494 2625 9
1524 2584 1715 2637 proinas.

40 2675 41 2679 ,
133 2651 181 2687 17
215 2646 457 2698 seeadieos‚
496 2646 593 2687 item
633 2648 698 2686 18.
808 2648 859 2685 18
891 2643 944 2684 de
975 2656 1054 2684 om.
1181 2646 1231 2682 19
1262 2641 1425 2694 potavi.
1543 2645 1595 2681 21
1628 2639 1717 2680 col-

32 2709 56 2755 ,’
129 2701 306 2753 legitur,
335 2702 530 2742 item-23.
617 2705 669 2742 23
699 2699 813 2754 fieri]
844 2700 941 2741 feci.
1014 2702 1067 2739 25
1097 2696 1386 2738 valedissime.
1460 2699 1514 2737 30
1538 2708 1717 2737 ossuum

130 2758 244 2810 (sic):
274 2757 436 2799 ossium
463 2756 711 2798 Gornarius.
827 2760 879 2797 33
905 2753 1215 2796 condilimatis
1332 2750 1537 2804 serpulla.

214 2834 466 2873 Mancmms,
487 2841 547 2864 m).
570 2834 814 2864 Hnmunmcn.
1411 2825 1462 2861 23
