1898 3016
737 122 1114 173 —260—

33 264 93 302 '37
267 252 336 299 Ad
381 253 565 298 renium
611 250 820 298 dolorem
857 250 1029 298 herbae
1069 250 1329 296 vettonicae
1366 250 1504 296 tritae
1543 248 1726 310 pondus

127 323 428 369 denariorum
474 322 676 369 duorum
721 336 832 368 sano
879 335 936 367 ex
979 319 1150 382 mulso,
1193 318 1478 366 febricitanti
1516 333 1573 365 ex
1610 333 1728 380 aqua

37 404 94 442 38
126 392 273 439 calida
318 392 574 439 bibendum
621 392 741 438 dato.
809 391 1133 451 Chamaepitys
1178 403 1235 435 ex
1278 390 1386 436 vino
1429 389 1540 435 trita
1587 394 1727 450 atque

39 474 92 512 39
125 465 188 510 ita
234 469 344 524 pota
388 462 644 523 plurimum
687 461 882 522 prodest
926 461 1111 506 renium
1158 458 1320 505 dolori.
1386 457 1613 505 Bacarum
1651 473 1728 505 cu-

127 534 284 594 pressi
320 532 538 579 viridium
579 533 888 578 contritarum
927 544 1069 577 sucus
1107 528 1286 576 colatus
1323 543 1430 575 cum
1461 529 1568 575 vino
1598 530 1732 589 potui
1753 540 1772 572 5

127 603 264 650 datus
295 604 414 648 mire
445 604 631 648 renium
661 601 813 647 dolori
842 600 1071 663 medetur,
1101 601 1164 646 ita
1194 606 1260 662 ut,
1294 600 1335 645 si
1357 612 1549 645 necesse
1574 598 1731 659 fuerit,

125 687 212 734 per
250 672 365 719 alios
403 686 568 718 novem
608 671 708 718 dies
746 670 943 718 adaucto
982 683 1178 717 numero
1216 668 1438 716 bacarum
1469 669 1731 729 etiterum,

127 744 168 789 si
204 744 269 789 ita
306 756 424 803 opus
464 742 621 804 fuerit,
658 755 743 802 per
782 740 896 787 alios
933 754 1101 786 novem
1132 739 1232 786 dies
1263 739 1503 785 deminuto
1534 752 1730 784 numero

128 813 280 871 detur,
314 826 559 873 quousque
590 811 646 858 ad
678 825 818 858 unam
849 810 1010 857 bacam
1040 810 1169 871 potio
1193 823 1514 870 numerusque
1538 808 1729 855 descen-

128 882 226 945 dat3
265 882 348 928 sed
385 883 666 942 interposito
704 896 798 927 uno
836 881 910 927 die
942 879 1081 926 debet
1119 894 1221 926 esse
1252 880 1551 926 commutatio
1583 879 1730 940 potio·
1756 891 1795 920 10

43 962 96 999 40
127 954 201 998 nis
240 952 297 998 de
335 952 511 998 maiore
550 951 607 998 ad
645 953 875 997 minorem
912 950 1116 997 modum.
1175 949 1351 995 Lanam
1388 948 1597 995 sucidam
1628 949 1732 1010 pice

131 1021 307 1083 liquida
338 1021 483 1068 inline
515 1029 562 1067 et
591 1020 814 1068 umbilico
838 1022 1025 1082 inpone,
1057 1021 1214 1066 statim
1237 1020 1423 1065 renium
1447 1018 1580 1064 dolor
1604 1018 1732 1064 seda·

44 1100 96 1138 41
130 1091 271 1139 bitur.
327 1092 575 1138 Artemisia
607 1090 752 1137 herba
783 1097 869 1153 est,
908 1103 1046 1151 quam
1077 1088 1249 1135 Gallice
1281 1088 1547 1135 bricumum
1578 1087 1732 1149 appel-

129 1162 246 1224 lant3
291 1161 411 1207 hanc
458 1159 539 1207 ubi
580 1168 799 1207 nascatur
844 1161 1035 1220 require
1083 1166 1129 1205 et
1173 1160 1407 1205 inventam
1454 1172 1589 1204 mane
1628 1163 1733 1204 ante

131 1231 242 1278 solis
281 1237 437 1277 ortum
475 1232 665 1277 sinistra
702 1244 844 1277 manu
881 1229 1097 1276 extrahes
1135 1235 1182 1275 et
1219 1242 1275 1274 ex
1314 1243 1366 1274 ea
1404 1227 1556 1274 nudos
1593 1241 1732 1274 renes
1757 1239 1795 1270 15

129 1302 428 1363 praecinges;
473 1315 566 1362 quo
611 1300 733 1347 facto
779 1299 1005 1360 singulari
1053 1306 1099 1345 et
1142 1304 1480 1360 praesentaneo
1524 1297 1732 1344 remedio

47 1379 100 1416 42
133 1373 294 1418 uteris.
371 1370 481 1417 Pice
527 1370 703 1432 liquida
746 1369 939 1431 pollices
977 1375 1070 1415 tam
1109 1369 1283 1430 pedum
1329 1382 1468 1429 quam
1511 1381 1734 1414 manuum

133 1441 189 1487 ab
243 1440 481 1501 unguibus
534 1455 685 1502 usque
731 1440 788 1487 ad
838 1441 989 1501 prima
1040 1438 1346 1485 articulorum
1389 1439 1522 1484 initia
1565 1437 1734 1484 inlines

133 1517 181 1558 et
218 1510 426 1558 chartam
469 1524 781 1573 superpones,
827 1512 950 1556 intra
994 1508 1204 1555 triduum
1249 1510 1312 1555 ita
1356 1507 1581 1554 sanabere
1618 1507 1735 1554 lum-

132 1581 303 1628 borum
341 1580 523 1644 dolore,
567 1587 620 1627 ut
667 1595 752 1642 per
796 1579 1003 1640 singulas
1041 1585 1204 1625 noctes
1243 1578 1522 1625 detrimenta
1560 1577 1734 1624 doloris
1757 1590 1797 1620 20

132 1650 390 1712 intellegas.

49 1729 103 1766 43
276 1720 366 1775 Qui
410 1722 596 1767 renium
634 1719 795 1766 dolore
831 1718 1096 1782 vexabitur,
1133 1720 1181 1765 in
1220 1718 1380 1765 charta
1417 1717 1524 1764 rudi
1562 1716 1735 1764 scribat

136 1791 432 1838 characteres
476 1791 599 1853 infra
644 1791 846 1851 scriptos
892 1796 939 1835 et
982 1803 1096 1835 auro
1141 1788 1215 1835 vel
1259 1802 1406 1849 cupro
1443 1787 1652 1834 includat
1689 1794 1736 1834 et

49 1869 106 1906 44
137 1863 260 1907 circa
292 1874 430 1907 renes
461 1860 630 1922 alliget,
660 1862 780 1906 miro
810 1858 1018 1906 remedio
1042 1864 1223 1905 utetur:
1253 1859 1556 1920 καραβραωθ.
1603 1857 1736 1903 Passi

137 1931 310 1977 Cretici
348 1930 539 1992 cyathos
577 1936 696 1992 tres,
734 1929 866 1977 lactis
904 1930 1101 1990 capruni
1136 1928 1319 1990 itidem,
1364 1929 1555 1974 seminis
1594 1941 1733 1974 cucu-
1757 1938 1797 1969 25

137 2002 281 2047 meris
325 2015 468 2061 grana
506 1998 700 2046 XXXIII
745 2001 919 2061 optime
963 2001 1073 2045 trita
1120 1998 1259 2045 simul
1299 2012 1391 2044 una
1426 1999 1615 2059 potione
1657 1998 1738 2058 qui

138 2070 325 2131 biberit,
363 2069 630 2116 absolvetur
666 2071 852 2116 renium
889 2068 1063 2115 dolore.
1807 2121 1814 2126 ,

52 2148 106 2185 45
278 2139 563 2200 Molliginem
608 2154 665 2186 ex
708 2142 815 2186 vino
861 2140 1035 2200 optimo
1072 2137 1201 2184 bibat
1238 2139 1320 2199 qui
1355 2137 1538 2183 renium
1577 2135 1735 2181 dolore

140 2209 396 2273 vexabitur,
427 2209 676 2256 Confestim
707 2223 848 2256 sanus
881 2210 990 2271 erit3
1024 2222 1188 2255 sucum
1214 2221 1399 2269 quoque
1423 2205 1592 2252 radicis
1617 2219 1736 2251 ama-

140 2295 219 2326 rae
259 2294 366 2326 cum
403 2279 539 2325 melle
576 2281 775 2326 mixtum
811 2278 941 2326 bibat
977 2280 1164 2325 ieiunus
1201 2277 1273 2323 vel
1310 2291 1363 2322 ex
1395 2277 1502 2322 vino
1533 2282 1735 2337 austero,
1758 2288 1800 2318 30

55 2357 109 2394 46
143 2351 297 2396 statim
329 2348 679 2396 remediabitur.
728 2350 1026 2395 Artemisiam
1050 2348 1220 2395 tundes
1245 2353 1290 2393 et
1313 2360 1420 2392 cum
1444 2345 1577 2406 adipe
1603 2344 1737 2391 suilla

141 2426 222 2466 aut
261 2419 468 2481 qualibet
503 2426 660 2466 vetere
699 2418 888 2480 subiges
926 2426 973 2465 et
1004 2432 1157 2479 panno
1187 2416 1424 2463 inductam
1454 2430 1539 2475 pro
1571 2414 1738 2476 malag-

57 2497 109 2535 47
143 2495 264 2536 mate
295 2489 489 2535 renibus
519 2491 705 2550 inpone.
760 2488 942 2551 Mulier,
982 2502 1098 2549 quae
1133 2488 1342 2547 geminos
1372 2486 1568 2547 peperit,
1599 2498 1737 2530 renes

143 2558 353 2606 dolentes
391 2558 697 2621 supercalcet,
735 2560 956 2605 continuo
996 2556 1187 2604 sanabit.

287 2724 308 2759 1
341 2720 505 2775 dolore,
535 2721 633 2764 item
664 2725 703 2762 4.
848 2725 872 2761 6
904 2719 941 2760 si
971 2732 1047 2761 om.
1165 2723 1188 2760 7
1220 2717 1394 2759 adlecto
1423 2730 1503 2771 pro
1533 2717 1736 2759 adaucto.

148 2779 198 2817 12
231 2775 469 2818 umbiculo.
587 2781 637 2818 13
669 2775 940 2817 artimisiam.
1057 2779 1108 2815 23
1145 2773 1343 2827 scriptus.
