1898 3016
91 306 144 343 48

89 584 142 622 49

89 793 142 830 50

89 1002 139 1040 51

88 1071 140 1109 52

88 1210 140 1248 53

87 1420 141 1458 54

87 1628 140 1668 55

87 1768 138 1806 56

86 2115 137 2153 57

85 2323 138 2361 58

86 2393 137 2430 59

85 2463 138 2499 60

782 125 841 132 -
921 96 1159 146 126-

176 226 343 273 deinde
388 224 578 286 pulvere
623 226 724 285 ipso
769 224 1041 270 mollissimo
1079 223 1241 270 dentes
1279 223 1364 270 tibi
1407 225 1630 287 perfrica,
1675 240 1766 287 quo

175 297 296 342 facto
336 294 544 342 dolorem
582 294 778 341 sedabis
846 294 895 340 Si
931 292 1019 340 tibi
1053 294 1200 354 partis
1238 295 1454 340 sinistrae
1492 295 1606 341 dens
1644 295 1767 342 dole-

173 365 256 425 bit,
294 364 452 412 cubito
491 364 656 411 dextro
695 363 889 410 calidam
926 362 1076 409 fabam
1115 369 1291 410 coctam
1330 366 1487 410 tritam
1517 366 1690 425 inpone
1721 371 1768 412 et

174 434 423 496 diligenter
459 433 563 494 liga.
618 434 666 480 Si
703 448 813 479 vero
851 434 998 493 partis
1037 432 1256 479 dexterae
1295 435 1390 479 sive
1423 436 1638 494 superior
1670 435 1766 481 sive

172 505 368 551 inferior
405 504 521 550 dens
560 502 748 564 dolebit,
787 502 945 549 cubito
977 503 1169 548 sinistro
1199 502 1339 563 ligato
1371 504 1585 550 similiter
1615 503 1765 551 fabam
1787 519 1808 551 5

174 581 220 621 et
257 574 346 620 hoc
384 588 468 634 per
506 573 714 619 triduum
751 573 904 619 facito,
971 571 1187 618 Dolorem
1225 573 1435 619 dentium
1481 579 1528 619 et
1563 574 1765 635 gingiva-

174 659 281 690 rum
311 643 404 689 hac
440 644 639 688 maxime
677 644 918 689 curatione
956 656 1225 704 conpesces,
1264 643 1305 688 si
1333 642 1485 688 mellis
1514 668 1583 675 —
1605 642 1639 705 I,
1673 643 1767 689 alu-

172 715 312 760 minis
349 713 586 759 infectorii
623 739 690 745 —
721 711 783 758 111
820 711 1180 758 subfervefacias
1217 713 1266 758 in
1303 712 1505 773 pultario
1545 719 1591 759 et
1621 714 1766 773 agites

174 797 226 830 ac
257 784 455 829 misceas
486 782 862 843 tepefactumque
893 781 1181 828 medicamen
1220 796 1299 827 ore
1340 784 1591 828 contineas.
1652 783 1766 828 Aco-

172 867 279 899 rum
310 852 554 898 Ponticum
593 866 699 898 cum
737 857 867 898 aceto
907 858 954 898 et
991 865 1098 898 cum
1135 851 1268 898 taeda
1307 866 1456 912 usque
1490 852 1546 898 ad
1579 858 1767 913 quartas
1790 867 1832 898 ιο

173 924 420 969 decoctum
463 923 723 968 rectissime
769 921 1015 968 adversum
1052 921 1236 967 dolores
1273 921 1483 968 dentium
1521 921 1766 982 gargaliza-

171 998 262 1039 tur.
331 991 483 1038 Sucus
521 991 788 1052 cyclaminis
829 997 876 1037 et
913 990 1004 1037 mel
1040 990 1232 1052 Lycium
1274 993 1435 1051 aequis
1473 991 1767 1053 portionibus

170 1063 431 1108 miscentur
468 1066 607 1121 atque
645 1061 753 1106 inde
791 1060 924 1106 dolor
961 1060 1171 1106 dentium
1208 1061 1506 1107 confricatur.
1572 1060 1767 1122 Lapathi

172 1131 303 1177 radix
347 1132 396 1176 in
440 1137 571 1177 aceto
615 1132 842 1177 acerrimo
888 1131 1107 1191 coquitur
1151 1135 1289 1190 atque
1335 1144 1390 1175 eo
1435 1137 1565 1177 aceto
1603 1130 1767 1177 dentes

172 1200 459 1247 conluuntur
496 1199 566 1246 vel
605 1200 833 1246 foventur.
898 1199 1105 1245 Milefolii
1142 1199 1273 1245 radix
1308 1198 1394 1246 sub
1425 1202 1576 1261 primo
1607 1199 1766 1246 dolore
1790 1214 1830 1245 15

171 1270 382 1316 dentium
420 1269 884 1315 commanducahitur
922 1275 969 1315 et
1002 1269 1149 1314 isdem
1181 1268 1400 1315 dentibus
1432 1271 1513 1330 qui
1543 1269 1768 1316 dolebunt

171 1340 251 1386 diu
275 1339 656 1386 commanducata
680 1338 974 1401 retinebitur,
997 1338 1334 1385 intolerandam
1355 1339 1615 1386 molestiam
1634 1353 1766 1400 prae-
1820 1395 1825 1401 ι

172 1410 438 1456 sentissimo
477 1409 684 1455 remedio
716 1408 964 1455 coercebit.
1024 1407 1190 1454 Oleum
1228 1423 1334 1455 cum
1371 1415 1502 1456 aceto
1538 1423 1595 1455 ex
1625 1410 1765 1456 tertio

172 1479 438 1542 decoctum,
484 1479 593 1525 dum
639 1478 789 1525 adhuc
835 1478 972 1539 calet,
1017 1484 1145 1524 recte
1190 1478 1246 1524 ad
1289 1479 1517 1525 sedandos
1555 1478 1765 1525 dentium

171 1549 356 1595 dolores
395 1563 475 1594 ore
513 1547 816 1609 retinebitur,
860 1550 923 1594 ita
967 1553 1020 1594 ut
1056 1547 1162 1608 plus
1199 1550 1319 1594 aceti
1357 1563 1494 1609 quam
1533 1548 1761 1595 oleimit—
1787 1561 1828 1591 20

171 1625 311 1666 tatur.
380 1618 527 1665 Radix
565 1624 717 1664 terrae
756 1617 865 1663 mali
903 1617 1092 1663 surculo
1131 1624 1263 1664 eruta
1301 1624 1347 1665 et
1384 1618 1763 1664 commanducata

172 1691 211 1734 si
249 1703 330 1734 ore
368 1689 685 1748 contineatur,
723 1689 847 1734 inter
884 1688 1015 1734 initia
1053 1687 1241 1748 quidem
1278 1688 1617 1734 excandescere
1655 1688 1765 1734 facit

171 1758 379 1804 dolorem
417 1758 640 1819 dentium,
679 1757 761 1803 sed
799 1772 905 1803 mox
943 1771 1050 1803 eum
1087 1762 1303 1817 potenter
1334 1759 1587 1818 extinguet.
1652 1757 1762 1803 Por-

170 1827 276 1874 celli
311 1827 527 1874 lactentis
564 1826 838 1888 ventriculo,
874 1827 919 1872 id
960 1832 1031 1872 est
1060 1826 1335 1888 aqualiculo,
1373 1833 1601 1889 exempto,
1640 1827 1762 1888 quod

168 1900 216 1943 in
255 1899 480 1943 interiore
519 1904 624 1943 cute
663 1897 842 1943 luteum
877 1896 1111 1958 adhaeret,
1148 1896 1278 1943 lanae
1317 1898 1574 1957 coniunges
1612 1897 1762 1943 made-
1787 1909 1828 1940 25

170 1968 432 2027 factamque
478 1981 579 2012 eam
616 1966 693 2012 illo
737 1981 898 2012 umore
936 1966 1172 2012 auriculae
1210 1968 1411 2029 inseres,
1455 1968 1589 2013 cuius
1635 1982 1660 2012 e
1699 1967 1764 2013 di-

169 2051 303 2083 versa
339 2042 472 2097 parte
511 2036 625 2082 dens
664 2036 857 2097 dolebit,
903 2038 1164 2082 certissimo
1209 2036 1415 2082 remedio
1462 2038 1618 2082 statim
1657 2035 1764 2082 sub-

172 2108 342 2153 venies.
408 2105 528 2151 Mori
572 2106 703 2152 radix
748 2112 958 2166 tempore
1002 2107 1169 2151 messis
1213 2105 1456 2166 inciditur,
1501 2120 1555 2152 ea
1599 2120 1764 2152 sucum

170 2177 462 2237 aptissimum
500 2175 755 2222 inhibendo
794 2175 944 2221 dolori
985 2175 1192 2222 dentium
1240 2176 1430 2236 emittit,
1477 2190 1615 2236 quem
1658 2175 1763 2221 ideo

170 2245 325 2306 colligi
362 2251 408 2292 et
446 2247 623 2291 servari
660 2251 857 2306 oportet,
895 2250 948 2291 ut
985 2259 1092 2291 cum
1123 2258 1241 2304 opus
1271 2245 1413 2290 fuerit
1444 2244 1663 2291 dentibus
1694 2246 1759 2290 in·
1786 2257 1828 2287 30

170 2322 383 2376 ponatur.
451 2314 692 2361 Nuculeus
730 2315 873 2375 gallae
915 2314 1326 2360 commanducatus
1363 2314 1578 2360 medetur
1614 2313 1764 2360 dolori

170 2387 417 2446 umorique
455 2385 678 2431 dentium.
743 2384 1019 2445 Hyoscyami
1055 2384 1186 2430 radix
1222 2385 1363 2429 mixta
1401 2383 1472 2429 vel
1509 2383 1764 2430 madefacta

169 2461 299 2501 aceto
332 2460 378 2501 et
409 2454 790 2501 commanducata
819 2455 935 2500 mire
959 2453 1178 2499 dentibus
1202 2452 1428 2499 medetur.
1481 2452 1763 2514 Plantaginis

168 2524 299 2569 radix
344 2530 472 2570 recte
517 2523 755 2570 manditur
798 2523 1101 2583 eiusdemque
1147 2536 1259 2568 suco
1305 2524 1351 2567 in
1397 2528 1528 2568 aceto
1570 2523 1762 2569 decocto

282 2689 307 2725 2
338 2684 505 2737 dentes,
536 2686 608 2727 secl
631 2684 811 2727 dolebit.
898 2689 922 2726 8
947 2682 1170 2725 sufectorii
1194 2684 1300 2736 (sic).
1387 2687 1440 2725 22
1465 2683 1760 2726 scandescere.

170 2744 224 2782 26
255 2740 381 2781 illum
411 2741 606 2782 humore.
723 2745 775 2781 30
807 2739 983 2793 oportit.
1098 2744 1149 2780 31
1181 2739 1403 2781 naeuleus.
