1898 3016
123 2145 176 2182 10

834 128 1172 177 -12„.

207 253 574 316 cheragricique,
604 253 798 301 morbus
830 255 968 301 etiam
999 255 1262 303 articularis
1292 255 1402 302 hinc
1433 257 1644 304 accidere
1669 257 1800 305 solet.

207 322 404 377 Quidam
457 324 596 369 etiam
647 324 766 370 fiunt
811 331 1038 388 amentes,
1091 324 1368 387 quibusdam
1422 327 1560 373 etiam
1613 330 1800 388 sanguis

207 406 455 453 erumpere
487 407 511 439 e
542 393 736 440 naribus
767 393 897 440 solet.
944 395 1142 455 Oportet
1172 409 1281 456 ergo
1314 398 1500 442 occurri
1530 402 1623 443 tam
1653 399 1798 458 gravi-

206 461 295 508 bus
342 461 475 508 malis
525 465 766 510 curatione
810 463 1060 524 praedicta.
1141 464 1178 510 A
1221 466 1374 511 vesica
1419 467 1501 527 qui
1543 474 1800 514 nascuntur

205 531 358 578 morbi
402 531 516 579 haec
562 532 739 579 dabunt
781 535 932 594 signa:
976 533 1109 581 Pleni
1145 533 1428 581 videbuntur
1465 541 1512 582 et
1548 537 1641 583 cito
1679 542 1801 583 satu·
1845 548 1866 580 5

206 603 314 665 rari,
353 616 469 662 quos
508 602 736 665 gravabit;
782 609 1040 664 sequentur
1082 603 1346 650 inflationes
1389 607 1565 652 ventris
1610 611 1657 652 et
1702 621 1801 652 cre-

205 672 333 731 pitus
365 671 534 733 crebri,
564 671 849 719 videbuntur
872 675 1071 720 oscitare
1095 688 1182 720 nec
1206 673 1484 737 oscitabunt,
1517 675 1597 721 sed
1621 681 1800 722 tantum

207 755 258 786 os
297 740 542 803 diducent,
580 748 805 802 sequetur
849 744 994 789 totius
1043 745 1255 804 corporis
1300 750 1465 805 stupor
1516 759 1801 807 somnusque

207 811 361 870 gravis
407 812 541 871 quasi
585 826 789 874 marcor,
834 812 915 858 fiet
957 815 1091 859 urina
1141 813 1279 859 livida
1326 819 1372 859 et
1416 815 1490 860 vix
1536 829 1802 876 erumpens,

206 885 471 926 tumescent
503 882 639 927 etiam
670 887 869 942 veretra,
898 882 1007 929 inde
1039 889 1084 929 et
1115 882 1338 930 calculosi
1359 884 1484 930 fient.
1545 883 1668 930 Haec
1694 886 1802 930 vitia
1827 897 1867 927 10

207 950 275 995 sic
314 950 643 998 emendantur:
687 950 964 998 Feniculum
1003 958 1048 998 et
1086 954 1241 1013 apium
1279 954 1385 998 vino
1424 959 1611 1000 austero
1649 954 1803 1000 made-

207 1019 345 1065 facito
390 1019 462 1065 vel
507 1022 647 1067 etiam
692 1035 852 1067 earum
896 1021 1150 1068 herbarum
1187 1022 1367 1069 radices
1413 1029 1602 1069 contere
1655 1029 1702 1070 et
1746 1038 1802 1070 ex

206 1090 303 1135 vini
357 1089 535 1150 cyathis
587 1090 771 1136 duobus
824 1097 870 1137 et
914 1092 1189 1138 tantundem
1234 1106 1379 1153 aquae
1424 1093 1598 1139 calidae
1644 1095 1801 1155 accipe

207 1158 399 1204 adsidue
438 1158 510 1205 vel
548 1159 685 1206 dauci
722 1174 881 1206 semen
921 1166 968 1206 et
1004 1167 1207 1222 myrtum
1246 1176 1302 1207 ex
1339 1176 1457 1222 aqua
1493 1162 1640 1209 calida
1671 1177 1802 1209 sume

207 1227 279 1273 vel
310 1229 435 1274 cicer
466 1228 636 1292 album,
675 1243 769 1275 non
799 1231 1050 1276 arietinum
1080 1230 1391 1277 madefactum
1423 1233 1542 1294 vino,
1579 1238 1632 1278 ut
1660 1245 1800 1293 supra
1824 1244 1866 1275 15

208 1298 397 1359 scripsi,
443 1297 578 1344 ebibe
623 1298 696 1344 vel
738 1299 944 1345 radicem
982 1301 1194 1360 asparagi
1230 1299 1303 1346 vel
1347 1315 1509 1347 ervum
1554 1303 1804 1349 erraticum

206 1366 280 1412 vel
318 1367 576 1427 serpullum
615 1367 824 1429 decoque
878 1370 1074 1430 eiusque
1120 1383 1285 1430 aquam
1323 1371 1429 1416 vino
1462 1372 1651 1418 mixtam
1683 1371 1803 1418 bibe.

209 1435 336 1490 Quae
376 1439 457 1497 qui
495 1437 762 1500 neglegunt,
800 1439 920 1484 fiunt
948 1439 1213 1502 hydropici3
1252 1441 1468 1501 sequitur
1497 1441 1555 1486 iis
1584 1442 1804 1487 iocineris

208 1512 255 1552 et
288 1508 472 1552 renium
505 1512 552 1553 et
582 1508 762 1553 vesicae
794 1507 939 1554 dolor.
999 1508 1131 1555 Fient
1166 1523 1351 1570 quoque
1383 1509 1618 1573 calculosi,
1655 1518 1803 1557 stran-

207 1577 388 1636 guriam
448 1576 550 1622 tubi
609 1576 912 1623 sustinebunt
974 1583 1021 1624 et
1072 1580 1249 1625 ventris
1302 1586 1545 1626 tumorem.
1626 1579 1804 1626 Intueri
1826 1593 1867 1625 20

207 1652 363 1692 autem
403 1651 588 1706 oportet
619 1648 745 1707 aegri
776 1648 913 1709 vires,
953 1648 1184 1708 quomodo
1214 1650 1363 1709 possit
1395 1650 1627 1695 sustinere
1659 1650 1801 1695 medi-

207 1717 380 1778 cinam,
425 1722 479 1762 ut
522 1717 586 1762 ita
631 1716 753 1762 febri
797 1722 844 1763 et
889 1717 1111 1764 cruditati
1155 1719 1256 1764 eius
1301 1717 1589 1765 adhibeatur.
1662 1718 1803 1766 Fiunt

207 1799 317 1845 ergo
371 1785 696 1846 cataplasmata
748 1786 1144 1850 adhibenturque‚
1197 1802 1314 1848 quae
1359 1794 1464 1849 apta
1509 1790 1602 1835 sint
1647 1790 1801 1851 capiti,

206 1857 373 1918 ventri,
411 1857 606 1918 vesicae,
645 1855 879 1919 cruditati,
918 1857 1095 1920 frigori,
1133 1857 1289 1921 calori,
1326 1863 1468 1918 prout
1508 1863 1688 1920 tempus
1727 1873 1801 1904 ex-

207 1926 368 1985 egerit.
428 1924 506 1971 Uti
543 1931 699 1971 autem
736 1925 790 1972 ad
830 1926 944 1973 haec
983 1932 1168 1987 oportet
1202 1942 1320 1990 rosa,
1359 1933 1504 1990 acet0,
1541 1930 1661 1990 vino,
1699 1927 1799 1974 oleo
1824 1941 1864 1973 25

204 1995 341 2056 irino,
378 1994 583 2055 linguam
624 2010 811 2056 quoque
850 1999 977 2057 aegri
1015 2011 1226 2058 asperam
1264 1997 1399 2044 melle
1443 1998 1687 2058 perfricari
1729 1998 1801 2044 vel

203 2070 389 2110 mentae
437 2064 570 2127 folio3
618 2064 799 2126 reliqua
844 2065 1055 2126 diligenti
1098 2067 1280 2113 medico
1325 2067 1635 2128 permittenda
1677 2074 1800 2130 sunt,

207 2135 315 2194 quia
359 2136 487 2181 iuxta
532 2134 721 2180 morbos
767 2135 904 2182 debet
949 2135 1172 2182 adhibere
1211 2137 1499 2184 medicinam.
1573 2136 1799 2191 Quoniam

206 2203 391 2250 ostendi
429 2206 639 2265 corporis
678 2206 779 2251 sani
816 2211 863 2252 et
896 2205 1102 2252 inbecilli
1132 2213 1266 2253 notas
1296 2221 1380 2268 per
1411 2208 1591 2253 urinam
1622 2206 1798 2253 denun-

206 2274 312 2319 tiari
351 2278 398 2320 et
435 2274 584 2320 adieci
629 2276 925 2322 curationum
963 2276 1169 2339 consilia,
1206 2291 1332 2323 nunc
1370 2282 1417 2323 et
1453 2277 1796 2337 conpositiones
1820 2297 1863 2328 30

205 2343 653 2390 medicamentorum
678 2344 887 2408 adiciam,
914 2360 1058 2392 unum
1090 2360 1149 2392 ne
1180 2352 1432 2393 nascantur
1462 2347 1647 2406 corpori
1677 2347 1799 2408 vitia,

206 2412 404 2459 alterum
441 2420 494 2460 ut
532 2415 793 2461 emendatio
833 2417 1078 2462 sanitatem
1115 2415 1323 2463 reducat.
1381 2415 1613 2462 Adversus
1644 2421 1799 2462 autem

205 2496 367 2528 omnes
421 2484 610 2544 inpetus
655 2484 927 2531 morborum
973 2485 1064 2532 duo
1111 2492 1221 2532 sunt
1265 2485 1468 2532 remedia
1514 2486 1798 2531 certissima:

203 2553 409 2612 primum
448 2559 532 2615 est,
570 2554 751 2600 decimo
790 2569 976 2616 quoque
1015 2555 1089 2601 die
1128 2562 1181 2602 ut
1217 2562 1262 2602 te
1300 2555 1532 2601 abstineas
1563 2569 1587 2601 a
1618 2554 1799 2613 cibo-et

318 2718 339 2754 1
381 2714 667 2768 cheragrique
822 2716 1013 2759 morbos.
1171 2722 1194 2758 3
1234 2717 1276 2771 e]
1315 2730 1352 2758 a.
1504 2721 1528 2758 8
1566 2715 1796 2757 deducent.

204 2767 415 2822 sequitur.
494 2774 543 2812 13
575 2771 727 2824 cyatis.
802 2776 852 2814 19
884 2773 1143 2827 stranguria.
1219 2777 1272 2813 34
1301 2771 1456 2825 prima.
1529 2774 1579 2813 ut
1600 2771 1665 2825 te]
1691 2772 1795 2814 uite.
