1930 3008
838 131 1210 181 ——372—

139 265 193 303 30
365 256 577 304 Feniculi
627 258 774 304 farina
827 273 883 305 ex
934 258 1241 320 hydromelite
1290 260 1481 306 decocta
1526 268 1572 308 et
1616 262 1819 323 inposita

223 326 465 387 chiragrae
501 327 729 374 medetur.

138 405 190 443 31
362 395 620 457 Podagram
660 404 710 444 ut
747 412 909 444 sanare
948 397 1135 444 difficile
1174 404 1266 460 est,
1310 400 1376 445 sic
1414 399 1659 460 incipienti
1694 401 1819 448 inter

222 467 353 512 initia
392 481 643 513 occurrere
681 473 949 528 promptum
989 475 1080 530 est3
1118 482 1223 514 nam
1261 469 1386 514 inter
1414 470 1547 515 initia
1578 470 1679 516 eius
1709 484 1816 517 cum

222 535 406 582 dolores
452 538 698 597 asperrimi
743 543 873 597 sunt,
919 538 959 583 si
1003 539 1107 597 quis
1152 551 1267 583 vena
1311 537 1504 585 adversa
1539 540 1588 584 in
1625 538 1860 586 brachi05

221 613 470 668 pungatur,
500 621 593 652 non
622 606 760 652 modo
792 608 1030 667 praesenti
1061 606 1220 653 dolore
1243 607 1543 671 relevabitur,
1575 608 1655 655 sed
1680 610 1818 656 etiam

219 677 268 720 in
305 681 547 736 posterum
586 682 815 736 perpetuo
853 675 1143 723 liberabitur.

136 754 188 790 32
359 744 547 791 Utiliter
584 747 632 791 in
664 745 825 792 dolore
855 752 1184 807 perunguntur
1214 747 1357 808 pedes
1388 746 1503 810 oleo,
1533 749 1582 793 in
1614 763 1706 809 quo
1737 748 1816 796 diu

221 814 412 861 decocta
451 816 544 861 sint
581 816 801 862 intestina
839 830 1079 878 ranarum3
1117 830 1257 863 ranae
1295 831 1482 878 quoque
1518 817 1711 864 rubetae
1742 832 1817 864 ex-

219 891 352 930 ustae
398 886 516 931 cinis
563 899 669 931 cum
715 885 925 932 sambuci
969 885 1178 932 coliculis
1223 888 1399 932 teneris
1444 889 1568 933 tritis
1613 894 1659 934 et
1707 901 1815 934 sevo
1841 903 1880 934 ιο

220 953 403 1000 hircino
448 961 607 1000 vetere
652 956 883 1015 permixto
937 963 982 1002 et
1033 955 1226 1002 decocto
1278 958 1548 1018 pariterque
1599 959 1815 1019 imposito

137 1035 189 1072 33
222 1024 429 1084 prodest.
497 1023 624 1070 Folia
671 1027 884 1085 cupressi
921 1027 1120 1072 contrita
1161 1040 1267 1071 cum
1312 1028 1446 1086 panis
1484 1025 1635 1073 mollis
1671 1028 1816 1089 parti-

219 1093 309 1139 bus
347 1093 529 1141 duabus
566 1100 613 1140 et
650 1096 847 1155 axungia
885 1101 1042 1141 vetere
1079 1094 1270 1141 subacta
1299 1096 1547 1142 medentur
1578 1095 1816 1143 doloribus

216 1163 464 1224 podagrae.

134 1243 190 1280 34
361 1232 531 1279 Semen
576 1239 795 1294 genestae
840 1239 1031 1280 tunsum
1077 1242 1123 1280 et
1169 1248 1275 1280 cum
1325 1235 1521 1295 axungia
1571 1235 1814 1283 subactum
1838 1250 1877 1282 15

133 1312 186 1350 35
220 1301 461 1348 doloribus
498 1303 822 1363 geniculorum
859 1309 1076 1363 potenter
1113 1303 1373 1350 adhibetur.
1433 1304 1656 1352 Mustelae
1687 1307 1814 1352 vivae

218 1371 488 1419 combustae
534 1374 652 1419 cinis
698 1387 805 1419 cum
851 1373 951 1419 oleo
993 1387 1184 1420 rosaceo
1224 1379 1271 1420 et
1307 1379 1438 1420 aceto
1475 1375 1618 1435 pinna
1654 1375 1814 1422 inlitus

214 1441 479 1503 podagricis
515 1442 722 1503 prodest.

132 1523 184 1560 36
357 1511 539 1558 Hedera
577 1513 778 1559 contrita
815 1518 862 1558 et
892 1526 996 1558 cum
1030 1526 1164 1573 oryza
1201 1527 1254 1558 ac
1285 1512 1420 1559 melle
1451 1513 1642 1560 decocta
1673 1522 1812 1576 atque

214 1583 263 1627 in
310 1596 456 1628 unum
502 1584 731 1643 permixta
777 1588 824 1628 et
869 1581 1020 1628 denuo
1066 1583 1175 1628 trita
1219 1582 1450 1643 podagrae
1488 1590 1536 1629 et
1572 1583 1811 1645 chiragrae
1835 1599 1876 1630 20

129 1661 182 1700 37
215 1659 261 1697 et
306 1666 560 1698 nervorum
598 1650 934 1698 offensionibus
972 1651 1187 1698 medetur
1224 1653 1438 1712 inposita.
1506 1652 1665 1700 Urtica
1701 1655 1810 1700 trita

215 1735 322 1767 curn
361 1723 586 1782 sanguine
624 1721 812 1767 milvino
852 1728 930 1768 aut
966 1721 1293 1782 palumborum
1326 1723 1552 1783 permixta
1585 1729 1723 1784 atque
1754 1738 1810 1770 ex

214 1805 269 1837 eo
306 1791 450 1852 pedes
487 1791 611 1837 inliti
647 1791 902 1838 efficaciter
939 1797 1176 1838 sanantur.

128 1872 181 1909 38
353 1861 603 1907 Mirificum
633 1861 864 1922 podagrae
895 1861 1154 1908 remedium
1187 1875 1274 1907 nec
1304 1861 1539 1923 impendio
1571 1867 1810 1924 sumptuo-

215 1945 318 1976 sum
372 1932 464 1978 sic:
527 1930 751 1991 Cupressi
802 1930 972 1992 pilulae
1024 1931 1294 1993 duodecim,
1345 1933 1608 1992 pastinacae
1669 1947 1807 1993 quam
1830 1945 1873 1978 25

211 2002 431 2046 minimae
469 2000 664 2047 totidem
703 2001 1034 2062 decoquuntur
1072 2015 1178 2047 cum
1216 2002 1335 2047 turis
1374 2002 1500 2047 tunsi
1537 2003 1688 2048 unciis
1726 2003 1808 2048 tri-

212 2069 301 2116 bus
340 2084 446 2116 cum
482 2070 571 2116 olei
603 2072 804 2116 sextario
837 2077 882 2116 et
912 2085 1057 2131 aquae
1088 2070 1273 2116 hemina
1305 2077 1350 2116 et
1381 2072 1605 2131 axungiae
1635 2073 1806 2118 veteris

212 2141 365 2186 unciis
410 2139 468 2185 VI
515 2146 560 2185 et
605 2154 739 2186 cerae
788 2140 1083 2203 tantundem,
1136 2154 1254 2200 quae
1299 2141 1548 2201 inspissata
1599 2146 1646 2187 et
1697 2155 1804 2188 con-

212 2209 439 2270 glutinata
475 2224 628 2270 panno
666 2210 798 2256 inlita
834 2209 1032 2270 pedibus
1071 2209 1383 2270 adponuntur.

129 2290 182 2327 39
354 2279 422 2326 Ad
452 2279 704 2340 podagram
737 2294 844 2326 cum
874 2280 1055 2325 fervore
1086 2285 1132 2326 et
1154 2286 1338 2326 tumore
1361 2278 1637 2342 rubicunde,
1668 2293 1804 2340 quam
1828 2294 1869 2325 30

214 2348 409 2395 calidam
439 2357 619 2412 vocant,
649 2349 764 2395 haec
795 2349 971 2395 faciunt
1001 2350 1164 2410 primis
1195 2348 1360 2395 diebus
1390 2348 1614 2396 adhibita:
1650 2348 1806 2395 Herba

212 2418 470 2465 urceolaris
514 2433 599 2479 per
645 2434 693 2465 se
739 2425 785 2465 et
826 2433 990 2465 caseus
1031 2418 1183 2465 mollis
1228 2433 1394 2465 recens
1437 2432 1521 2479 per
1565 2433 1614 2464 se
1659 2420 1803 2479 impo-

215 2490 347 2550 situs,
385 2494 547 2549 postea
577 2488 735 2551 herba,
777 2490 853 2535 cui
883 2488 989 2535 salis
1020 2488 1239 2549 pusillum
1271 2488 1525 2534 admiscere
1558 2488 1802 2550 oportebit.

212 2556 329 2603 Item
375 2557 494 2604 bene
547 2558 656 2605 facit
707 2559 862 2620 apium
914 2558 1060 2604 viride
1107 2572 1192 2618 per
1244 2571 1292 2604 se
1338 2557 1408 2603 vel
1460 2572 1566 2604 cum
1617 2558 1802 2620 polenta

357 2723 377 2759 1
410 2718 591 2761 feniculi
628 2718 790 2775 farina]
827 2719 947 2762 faeni
982 2718 1131 2774 graeci
1160 2718 1302 2760 farina
1334 2719 1454 2761 Ptin.
1477 2733 1519 2760 n.
1543 2720 1583 2763 h,
1606 2724 1680 2773 24,
1707 2723 1797 2763 188.

214 2777 266 2815 33
298 2773 447 2826 herba,
478 2775 566 2830 cui]
600 2775 762 2818 herbae
793 2775 986 2818 Scribon.
