1898 3016
755 139 840 176 ·-
913 141 1015 191 232
1092 170 1151 178 -

163 268 356 314 seminis
386 266 426 314 Χ
449 267 491 314 ΙΙ
515 268 561 331 S,
591 270 768 330 piperis
799 271 922 330 nigri
953 268 992 315 Χ
1015 268 1048 331 Ι,
1081 269 1237 315 scillae
1268 276 1426 318 coctae
1457 271 1497 318 Χ
1520 271 1572 319 ΙΙ.
1633 273 1757 321 Haec

163 338 316 384 omnia
362 337 647 399 colliguntur
692 355 747 385 ex
798 339 953 401 melle,
1006 339 1125 385 fiunt
1169 339 1343 399 globuli
1386 343 1539 405 parvi,
1588 343 1758 390 dantur

161 406 342 454 denarii
372 407 465 454 duo
496 408 569 455 vel
599 423 722 455 unus
752 423 838 470 pro
870 414 1019 455 aetate
1051 415 1130 455 aut
1159 409 1429 457 infirmitate
1453 426 1509 457 ex
1533 413 1757 474 oxymelle

161 476 232 523 vel
269 492 326 524 ex
363 483 494 524 aceto
532 480 678 525 mixto
716 480 764 525 in
796 478 972 540 cyathis
1004 484 1226 539 quattuor
1256 485 1335 526 aut
1364 480 1529 529 tribus.
1583 481 1756 529 Eadem

159 548 288 608 potio
326 547 446 594 bene
484 548 595 595 facit
633 549 688 595 ad
727 548 1008 610 hydropicos
1046 563 1102 594 ex
1140 563 1258 610 aqua
1295 550 1444 596 mulsa
1481 551 1605 614 data3
1649 566 1755 599 nam
1780 562 1802 593 5

159 618 346 663 urinam
381 623 536 664 movet
571 618 841 680 plurimum,
878 632 963 680 per
1001 632 1138 679 quam
1175 625 1448 680 purgantur.

104 696 132 733 4
302 686 530 734 Lienosos
576 695 706 735 sanat
751 696 882 734 extra
928 690 1384 750 cutem‘inpositum
1430 691 1579 751 sinapi
1628 696 1759 738 aceto

159 756 314 818 pridie
345 763 632 805 maceratum
663 763 710 804 et
739 759 904 804 tritum
935 758 1113 804 adiecta
1137 758 1357 805 lenticula
1381 774 1437 806 ex
1460 767 1590 807 aceto
1615 767 1759 807 cocta.

162 826 361 888 Oportet
391 833 545 874 autem
577 843 602 874 a
632 833 765 889 parte
795 828 931 874 lienis
963 829 1218 889 inpositum
1248 829 1639 877 medicamentum
1666 836 1758 876 tam

162 896 242 943 diu
274 896 369 943 illic
401 911 518 960 esse,
550 898 699 944 donec
731 897 938 944 dolorem
969 899 1066 958 pati
1096 913 1190 944 non
1220 900 1400 960 possint
1429 901 1509 960 qui
1538 905 1758 962 utuntur3
1783 911 1823 940 10

160 973 325 1027 postea
363 967 478 1013 solio
517 967 665 1014 calido
705 967 1023 1029 demittantur,
1060 967 1143 1014 ubi
1176 967 1336 1029 plures
1367 983 1446 1015 eos
1478 971 1759 1031 contineant,

162 1036 274 1083 dum
314 1036 488 1083 desinit
524 1036 702 1100 fervor3
741 1038 914 1098 alioqui
952 1037 1144 1083 exilient
1181 1038 1236 1084 ad
1270 1040 1475 1098 primum
1506 1039 1760 1101 fervorem3

161 1107 310 1152 maior
355 1108 480 1153 enim
524 1108 573 1153 in
619 1113 726 1153 cute
772 1108 824 1153 fit
869 1106 1001 1153 dolor
1040 1107 1168 1153 calda
1205 1109 1363 1170 tactis3
1401 1114 1563 1169 postea
1601 1114 1760 1155 ceroto

161 1190 353 1222 rosaceo
393 1190 473 1222 eos
510 1178 711 1238 perungi
748 1175 995 1237 oportebit.

104 1254 129 1291 5
302 1244 439 1292 Aliud
470 1245 661 1292 lienosis
691 1246 953 1292 remedium
984 1245 1145 1292 eadem
1176 1247 1358 1293 ratione
1380 1248 1659 1308 inpositum:
1691 1247 1759 1294 Si·
1785 1257 1824 1289 15

161 1316 295 1376 napis
327 1315 519 1377 cyathos
555 1315 686 1377 duos,
718 1317 785 1376 git
817 1315 1008 1377 cyathos
1033 1315 1165 1379 duos,
1195 1318 1423 1363 nasturcii
1446 1317 1636 1379 cyathos
1662 1317 1761 1381 ΙΙΙΙ,

160 1384 448 1446 myrobalani
480 1388 669 1432 corticis
701 1385 891 1447 cyathos
921 1384 1019 1448 IIII,
1056 1387 1235 1447 piperis
1266 1387 1456 1448 cyathos
1486 1387 1540 1434 ΙΙ.
1601 1387 1763 1448 Sinapi

161 1454 314 1515 pridie
346 1462 476 1502 aceto
508 1457 605 1502 acri
635 1462 934 1516 maceratum,
966 1455 1134 1502 deinde
1166 1457 1330 1503 tritum
1355 1458 1565 1504 contusis
1590 1459 1761 1504 ceteris

161 1526 475 1585 permiscetur
505 1540 752 1586 pannoque
786 1525 971 1572 inlitum
1004 1525 1395 1573 medicamentum
1426 1528 1668 1588 inponitur
1698 1527 1760 1574 fa-

162 1595 351 1655 sciaque
389 1594 658 1654 longissima
698 1593 911 1655 alligatur
943 1594 1017 1641 vel
1045 1595 1261 1656 pluribus
1291 1597 1338 1642 in
1369 1611 1515 1643 unum
1547 1598 1759 1643 commis·
1784 1606 1825 1636 20

162 1666 248 1726 sis,
294 1678 387 1725 quo
432 1664 612 1711 tardius
658 1664 875 1711 solvatur.
934 1664 1034 1711 Hoc
1078 1665 1455 1712 efficacissimum
1500 1667 1757 1713 remedium

162 1740 235 1780 est
266 1739 313 1780 et
342 1733 598 1781 multorum
630 1749 860 1780 annorum
883 1734 1075 1781 lienosis
1103 1749 1264 1782 omnes
1288 1750 1451 1782 causas
1475 1735 1596 1782 tollit
1618 1741 1758 1797 atque

162 1803 405 1866 duritiam3
451 1804 532 1850 sed
577 1810 685 1865 post
721 1804 809 1850 hoc
848 1806 887 1850 si
926 1819 1044 1865 quae
1080 1804 1306 1865 reliquiae
1343 1807 1621 1869 manserint,
1666 1820 1758 1852 am-

161 1875 375 1919 moniaco
412 1873 642 1920 tollendae
681 1880 820 1920 erunt
856 1874 1129 1934 frequenter
1165 1874 1260 1921 illic
1297 1874 1442 1921 inlito,

106 1952 131 1990 6
301 1942 562 1990 Infantibus
599 1943 791 1990 lienosis
829 1943 930 1989 dari
967 1944 1203 2005 oportebit
1240 1959 1405 2006 aquam
1450 1944 1665 2008 calidam,
1710 1946 1759 1991 in
1781 1953 1822 1985 25

164 2026 253 2073 qua
299 2012 503 2059 candens
549 2014 726 2060 ferrum
773 2013 1066 2075 demittatur,
1109 2013 1183 2060 vel
1226 2014 1295 2061 lac
1340 2016 1582 2075 caprinum
1621 2015 1757 2061 semi-

163 2088 363 2144 coctum,
401 2084 440 2128 si
478 2097 644 2143 caprae
674 2083 994 2129 tantummodo
1024 2083 1198 2130 hedera
1228 2090 1491 2145 pascantur.
1543 2083 1760 2130 Proderit

162 2151 236 2198 his
275 2158 323 2198 et
360 2153 510 2213 sinapi
548 2154 726 2199 siccum
764 2158 1013 2200 contusum
1046 2160 1205 2200 ceroto
1236 2155 1368 2200 tenui
1397 2155 1594 2200 mixtum
1629 2159 1758 2199 extra

164 2228 321 2268 cutem
359 2223 630 2284 inpositum,
669 2229 721 2269 ut
757 2223 899 2269 fascia
937 2222 1184 2284 diligenter
1219 2223 1404 2284 ligetur.

107 2301 130 2337 7
302 2291 525 2352 Malagma
570 2292 626 2338 ad
669 2292 871 2338 lienosos
918 2299 965 2339 et
1009 2293 1064 2338 ad
1109 2294 1330 2339 iocineris
1382 2300 1614 2339 tumorem
1667 2294 1822 2339 siczso

162 2360 453 2407 Ammoniaci
496 2367 654 2422 guttae
699 2362 855 2423 pondo
900 2362 940 2424 I,
986 2377 1122 2409 cerae
1164 2362 1212 2409 P.
1259 2362 1299 2424 Ι,
1346 2376 1480 2408 rosae
1526 2362 1680 2423 pondo
1725 2362 1757 2408 Ι.

162 2430 516 2477 Ammoniacum
555 2446 611 2478 ex
649 2438 780 2478 aceto
820 2433 990 2478 teritur
1019 2433 1163 2479 mixto
1194 2438 1577 2495 crocomagmate,
1617 2446 1758 2493 quan-

163 2506 263 2546 tum
295 2500 504 2547 colorare
535 2503 697 2562 possit.
745 2501 1095 2548 Ammoniacum
1119 2503 1276 2562 itaque
1299 2503 1482 2564 teritur,
1514 2516 1757 2563 quousque

163 2569 262 2615 leve
301 2571 380 2616 fiat
415 2578 462 2616 et
492 2571 642 2617 mellis
674 2573 820 2617 crassi
849 2571 1017 2618 habeat
1048 2571 1421 2633 spissitudinem3
1459 2577 1621 2632 postea
1651 2585 1757 2618 cera

306 2734 358 2772 26
383 2730 644 2773 demittatur
665 2732 842 2785 scripsi.-
865 2733 1114 2774 dimittatur
1138 2732 1391 2775 (ymnarius.
1485 2737 1538 2774 33
1563 2734 1758 2775 colorare

162 2786 308 2839 possit
339 2788 676 2839 ammoniacum,
708 2787 826 2840 quod
856 2788 1014 2830 teritur
1043 2788 1237 2830 Scribon.
1567 2810 1569 2812 ·
