1898 3016
822 83 1127 131 -4--

174 221 288 261 κους
310 201 367 266 β’.
397 201 448 252 Ὁ
471 203 729 268 μέδιμνος’
711 206 802 269 ε’χει
823 204 1014 269 ἡμίεκτα
1036 207 1098 271 ιβ’
1100 244 1114 270 ,
1143 206 1198 258 τὸ
1221 205 1477 292 ημίεκτον’
1459 212 1548 274 ε’χει
1571 216 1692 299 χοῦς,
1702 210 1746 274 β’
1748 248 1761 273 ,

173 269 198 321 ὃ
222 277 332 335 χοῦς
362 274 450 336 ἔχει
479 275 684 336 χοίνικας
714 274 758 338 β’
760 312 774 338 ,
804 273 833 338 ἡ
858 278 1043 339 χοῖνιξ’
1026 278 1116 340 ε’χει
1137 274 1330 336 κοτύλας
1354 277 1396 328 6'
1396 315 1411 341 ,
1432 277 1462 342 ἡ
1485 279 1692 343 κοτύλη’
1675 282 1763 344 ε’χει

172 338 411 404 ἡμίξεστον
435 342 493 404 α’,
522 341 571 392 τὸ
594 347 811 407 τρυβλίον
835 345 884 394 δὲ
907 344 1074 409 κοτύλη
1098 347 1217 395 ἐστὶν
1234 345 1426 412 Ἀττική,
1448 347 1497 398 τὸ
1521 347 1763 413 ὀξύβαφον

174 410 225 459 δὲ
247 409 457 498 τέταρτόν
480 413 571 461 ἐστι
593 411 844 477 κοτύλης,“
825 435 849 464 ο
866 413 1085 474 κύαθος’
1069 416 1201 465 ε’κτον
1223 417 1313 465 ἐστὶ
1331 416 1536 507 κοτύλης.
1560 417 1621 467 ‘H
1641 419 1761 483 χήμη

172 479 273 543 ἄγει
302 477 444 544 ὁλκὴν
474 484 596 544 μίαν.
641 480 707 530 ‘H
722 481 968 546 Ἑλληνικὴ
1000 483 1167 548 κοτύλη
1197 491 1278 535 τοῦ
1301 487 1496 536 ἐλαίου’
1478 490 1567 551 ἔχει
1590 486 1634 537 λι
1658 489 1715 550 α’,
1740 510 1755 538 t

174 549 225 598 δὲ
249 549 404 613 ξέστης
427 550 472 600 λι
489 548 532 614 β’
538 589 552 636 3
577 549 600 600 ὃ
625 551 676 600 δὲ
698 551 897 612 ἰταλικὸς
920 554 1076 617 ξέστης
1098 553 1203 603 λῑ’
1159 576 1189 603 α
1224 566 1268 607 5.
1304 561 1464 620 Δῆλον
1488 560 1574 606 οὐν
1597 556 1664 607 ότι
1686 559 1764 606 καὶ

171 640 202 682 η
235 618 409 683 ἰταλικὴ
440 619 608 683 κοτύλη
639 622 728 684 ἔχει
758 622 795 670 Γ
819 621 885 685 θ’,
915 621 943 686 ἡ
977 623 1027 673 δὲ
1052 621 1374 689 Ἀλεξανδρινὴ
1407 625 1574 690 κοτύλη
1607 628 1762 677 ἐλαίου

173 688 257 752 μὲν
287 691 377 753 ἔχει
407 689 444 738 Γ
467 688 528 753 η’,
559 693 692 740 οἴνου
724 691 774 741 δὲ
803 692 840 742 Γ
864 691 925 742 θ’.

317 757 379 808 Τὸ
410 758 631 823 κεράμιον
660 762 750 824 ἔχει

523 831 679 879 ἐλαίου
899 834 1031 881 οἴνου
1245 834 1420 896 μέλιτος

531 896 575 947 λῑ
598 898 671 963 οβ’
911 900 955 950 λῑ
979 900 1028 951 π’
1267 901 1311 952 λῑ
1335 904 1402 967 ρκ’

318 965 381 1017 Τὸ
410 966 601 1033 κόγγιον
630 970 719 1032 ἔχει

543 1035 587 1086 λι
609 1039 659 1086 θ’
920 1039 964 1089 λῑ
986 1061 1003 1089 ι
1275 1040 1319 1091 λι
1342 1041 1394 1091 ιε’

305 1103 356 1155 Ὁ
386 1106 542 1170 ξέστης
571 1109 663 1172 ἔχει

545 1176 582 1224 [3
605 1175 668 1240 ιη’
846 1178 890 1227 λῑ
913 1177 956 1227 α’
980 1179 1016 1228 [ἶ
1039 1178 1084 1243 η’
1249 1180 1293 1230 λι
1316 1179 1361 1245 β’
1383 1193 1411 1232 S

304 1242 372 1293 ‘H
393 1245 561 1308 κοτύλη
593 1247 684 1310 ἔχει

543 1315 580 1364 Ιῗ
603 1314 656 1364 θ’
916 1318 952 1366 [3
977 1316 1007 1366 ι’
1219 1319 1264 1368 λι
1287 1318 1332 1368 α’
1353 1320 1390 1369 [ἶ
1414 1323 1455 1384 γ’

304 1381 357 1433 Ὁ
385 1382 570 1444 κύαθος
607 1387 695 1449 ἔχει

508 1453 664 1506 Ιῖοίβ
801 1454 1117 1522 Γὸα’5γρ.ὁ’
1235 1457 1405 1522 [ἶβὲ.

195 1625 469 1680 Epistulae
507 1627 844 1672 diversorum
882 1631 948 1672 de
987 1630 1245 1684 qualitate
1284 1634 1338 1674 et
1374 1632 1742 1676 observatione

815 1713 1124 1758 medicinae.

265 1830 506 1893 Largius
544 1831 982 1894 Designatianus
1021 1835 1163 1882 filiis
1201 1837 1320 1882 suis
1359 1835 1597 1883 salutem
1635 1837 1676 1883 d.

314 1942 429 2004 Legi
479 1943 674 1991 antehac
718 1944 1016 2006 Hippocratis
1061 1946 1143 1993 Coi
1191 1946 1457 2010 epistulam,
1508 1948 1763 1996 medicinae

174 2014 379 2059 auctoris
424 2013 497 2059 vel
546 2015 842 2078 peritissimi,
894 2030 1033 2076 quam
1084 2016 1140 2063 de
1185 2016 1357 2063 tuenda
1400 2016 1662 2064 valetudine
1707 2019 1762 2065 ad

174 2081 457 2129 Antiochum
494 2097 651 2144 regem
690 2086 936 2145 scripsisse
974 2086 1144 2150 fertur3
1190 2087 1324 2133 cuius
1370 2088 1476 2147 quia
1515 2095 1764 2148 praecepta

174 2157 222 2198 et
258 2154 435 2199 monita
471 2153 603 2200 vobis
641 2154 696 2200 ad
736 2154 898 2202 salutis
936 2155 1194 2202 custodiam
1231 2162 1339 2203 nota
1385 2170 1625 2219 cuperem,
1671 2157 1760 2203 col-

173 2220 278 2285 legi,
316 2228 370 2269 ut
405 2225 551 2286 potui,
587 2224 813 2285 quidquid
845 2226 1146 2272 seriem-eius
1177 2227 1416 2272 continere
1447 2228 1761 2289 memineram,
1806 2243 1824 2274 5

175 2305 370 2353 eamque
408 2307 489 2339 ore
519 2292 726 2341 Romano
756 2295 1070 2356 interpretans
1109 2296 1289 2355 scripsi.
1346 2294 1467 2358 Gavi,
1505 2296 1666 2359 fateor,
1704 2311 1761 2343 ne

174 2360 231 2407 ad
269 2361 462 2408 verbum
499 2363 640 2410 verba
677 2365 993 2427 transferrem,
1031 2379 1123 2426 quo
1153 2366 1308 2411 minus
1338 2364 1558 2426 pleraque
1588 2366 1762 2427 lingua-

174 2444 281 2477 rum
318 2431 588 2479 diversitate
628 2440 962 2496 congruerent,
1005 2435 1043 2480 si
1079 2448 1244 2495 parum
1280 2434 1500 2496 ponderis
1538 2437 1585 2482 in
1623 2438 1761 2497 signi-

286 2550 510 2605 Incipiunt
533 2552 751 2606 epistulae
775 2553 1048 2596 diversorum
1071 2553 1125 2595 de
1148 2553 1362 2606 qualitate
1389 2557 1433 2597 et
1456 2555 1761 2599 observatione

174 2605 431 2650 medicinae.
464 2607 533 2650 Ab
562 2610 629 2651 his
659 2610 799 2652 verbis
827 2610 957 2652 codem
986 2609 1293 2652 Laudunensis
1321 2610 1491 2664 incipit.

290 2667 310 2704 1
350 2665 453 2706 ante
490 2663 604 2705 hanc
642 2667 735 2709 2m.
851 2664 1204 2708 2valetitudine
1243 2670 1319 2708 Im
1355 2665 1638 2709 valititudine
1668 2671 1761 2711 Zm.

177 2722 200 2759 5
233 2719 355 2761 serie.
472 2723 496 2761 6
527 2733 648 2763 more
679 2722 824 2764 littera
853 2735 896 2763 m
925 2733 1062 2775 supra
1091 2721 1250 2764 lineam
1279 2722 1443 2766 addita.
1558 2735 1676 2766 cave.
