1898 3016
95 244 149 281 30

92 1782 144 1820 33

791 106 1175 157 —258—

322 233 390 280 Ad
429 232 604 295 lapides
643 233 700 280 de
738 236 915 281 vessica
954 234 1190 281 eiciendos
1228 235 1488 283 remedium
1526 237 1782 299 singulare:

179 303 375 350 Hircum
407 309 702 364 segregatum
734 303 807 350 vel
831 304 1042 351 clausum
1065 311 1246 365 septem
1274 305 1439 352 diebus
1462 307 1592 353 lauro
1617 322 1780 369 pasces

179 379 227 420 et
263 372 563 435 postmodum
602 388 625 420 a
664 388 812 434 puero
849 373 1016 435 inpubi
1054 374 1206 421 occidi
1241 375 1383 422 facies
1421 382 1468 423 et
1505 379 1780 438 sanguinem

179 445 279 490 eius
313 445 518 505 excipies
547 444 800 506 munditer,
832 458 888 490 ex
919 458 972 490 eo
1004 443 1136 491 dabis
1162 444 1392 492 laboranti
1421 447 1470 492 in
1495 449 1592 493 vini
1615 447 1779 509 cyatho

179 513 409 575 scripulos
458 520 578 577 tres3
623 519 668 560 at
712 528 823 560 vero
865 519 919 560 ut
956 516 1057 561 eius
1095 516 1165 561 rei
1203 516 1573 576 experimentum
1611 513 1780 579 capias,
1803 530 1822 561 5

177 583 359 645 lapillos
403 583 611 630 fluviales
656 585 705 630 in
751 585 980 630 vessicam
1023 585 1203 647 mittes,
1247 586 1297 631 in
1345 600 1433 646 qua
1479 588 1667 648 sanguis
1706 602 1781 634 ex-

179 659 346 716 ceptus
389 654 552 716 fuerit,
597 668 704 700 nam
748 655 798 700 in
841 656 1020 701 vessica
1065 656 1218 715 excipi
1254 654 1413 718 debet,
1460 663 1507 702 et
1553 658 1780 718 signatam

177 738 375 786 repone3
412 725 535 770 intra
574 723 673 770 dies
712 729 893 785 septem
930 723 1107 771 solutos
1144 725 1334 785 penitus
1371 727 1594 773 invenies.

318 793 592 840 Antidotum
637 794 693 840 ad
738 795 923 841 renium
969 794 1176 841 dolorem
1222 796 1311 842 sic:
1363 794 1575 843 Feniculi
1619 811 1779 843 semen

178 878 360 927 recens,
397 864 676 926 petrosilini,
714 864 851 910 dauci
882 864 1067 927 Cretici,
1098 864 1349 925 zingiberis
1379 867 1565 930 integri,
1602 868 1779 927 piperis
1804 879 1843 909 10

177 935 315 996 nigri,
353 936 484 995 porri
522 935 712 995 capitati
751 948 926 997 semen,
964 934 1071 981 folia
1100 934 1390 997 malabathri,
1429 950 1571 997 grana
1601 938 1778 998 piperis

177 1003 284 1050 albi.
339 1003 505 1050 Omnia
536 1003 652 1050 haec
683 1006 844 1066 aequis
875 1003 1162 1065 ponderibus
1193 1005 1363 1051 tundes
1395 1011 1441 1051 et
1472 1005 1700 1053 cribrabis
1733 1014 1779 1053 et

177 1073 398 1120 miscebis
444 1088 551 1120 cum
599 1073 735 1120 melle
773 1074 926 1120 Attico
972 1080 1019 1120 et
1063 1088 1119 1120 ex
1166 1088 1220 1120 eo
1265 1074 1455 1135 pilulam
1494 1076 1550 1122 ad
1588 1076 1777 1123 modum

178 1143 411 1190 avellanae
450 1158 506 1189 ex
544 1158 663 1204 aqua
702 1143 849 1189 calida
886 1145 1044 1190 ieiuno
1083 1143 1227 1190 dabis,

319 1213 388 1259 Ad
426 1214 611 1259 renium
650 1212 858 1259 dolorem
896 1219 1189 1274 unguentum
1229 1216 1340 1260 satis
1375 1214 1538 1261 efficax
1570 1217 1658 1262 sic:
1698 1214 1778 1262 Ca·
1802 1227 1841 1258 15

181 1284 326 1330 storei
357 1307 419 1315 --
447 1282 480 1344 I,
519 1282 704 1329 euforbi
735 1285 1038 1345 semunciam,
1069 1283 1198 1344 pulei
1231 1309 1290 1316 —
1318 1284 1337 1329 Ι
1363 1284 1408 1347 S,
1443 1299 1578 1331 cerae
1614 1311 1671 1319 ——
1700 1285 1777 1347 III,

179 1355 324 1415 satyri
365 1378 424 1387 -
459 1352 536 1411 ΙΙΙ,
577 1353 666 1399 olei
697 1355 842 1399 amari
880 1380 938 1386 —
966 1353 1038 1416 VI,
1076 1355 1235 1415 cyperi
1266 1356 1565 1416 semunciam,
1595 1370 1776 1417 myrrae

176 1449 245 1456 —
268 1422 301 1485 I,
333 1424 517 1469 resinae
550 1422 891 1470 terebinthinae
923 1425 1225 1486 semunciam,
1254 1425 1433 1485 piperis
1461 1450 1529 1458 —
1560 1425 1579 1471 I
1612 1425 1656 1488 S,
1687 1425 1778 1471 olei

177 1493 349 1540 laurini
381 1518 442 1525 —-
476 1492 548 1555 VI,
587 1492 873 1554 opobalsami
903 1518 966 1525 —
1000 1493 1032 1540 I.
1094 1493 1220 1540 Haec
1259 1496 1413 1541 omnia
1452 1496 1575 1542 sicca
1605 1495 1776 1542 tundes

179 1569 225 1610 et
257 1562 486 1610 cribrabis
518 1569 565 1609 et
594 1563 815 1609 miscebis
846 1569 893 1610 et
922 1563 1159 1624 decoques
1191 1570 1237 1610 et
1266 1563 1442 1625 liquido
1469 1566 1775 1612 medicamine
1799 1580 1841 1610 20

175 1634 324 1680 uteris
361 1634 411 1679 in
447 1632 613 1679 balneo
652 1638 698 1679 et
734 1647 970 1694 perunges
1008 1648 1160 1696 renes,
1199 1648 1337 1680 coxas
1376 1640 1422 1680 et
1460 1649 1602 1696 super
1631 1637 1774 1696 pecti-

176 1717 306 1750 nem:
345 1705 496 1749 omnis
534 1702 665 1749 dolor
703 1705 795 1750 cito
834 1703 1029 1750 desinet.

318 1772 602 1819 Trochiscus
633 1773 688 1819 ad
719 1775 905 1820 renium
936 1773 1145 1820 dolorem
1175 1779 1222 1820 et
1250 1775 1456 1820 vessicae
1486 1773 1694 1821 dolorem
1720 1789 1773 1821 ac

176 1843 368 1890 vulnera
399 1848 446 1890 et
476 1843 533 1889 ad
564 1857 657 1905 eos,
689 1845 771 1904 qui
800 1845 983 1890 urinam
1015 1845 1316 1905 sanguineam
1340 1844 1516 1890 faciunt
1538 1844 1611 1890 vel
1631 1859 1774 1906 puru-

173 1912 361 1976 lentam,
384 1914 555 1974 accipit
576 1913 714 1960 haec:
738 1913 846 1974 Opii
868 1911 994 1975 drag.
1011 1913 1089 1975 Ill,
1113 1913 1169 1960 de
1192 1913 1373 1960 nucleis
1395 1915 1547 1974 pineis
1568 1915 1772 1962 excalda-
1796 1928 1837 1959 25

177 1984 235 2029 tis
274 1989 320 2029 et
357 1985 568 2044 purgatis
607 1981 734 2043 drag.
763 1983 840 2046 III,
886 1985 1013 2031 croci
1051 1982 1176 2044 drag.
1205 1984 1281 2046 III,
1320 1983 1582 2045 amygdalae
1624 1984 1774 2032 dulcis

176 2052 441 2099 excaldatae
473 2059 519 2099 et
549 2060 774 2114 purgatae
812 2051 936 2114 drag.
966 2053 1049 2117 111,
1087 2054 1316 2101 avellanae
1353 2059 1577 2114 purgatae
1616 2060 1661 2101 et
1698 2069 1772 2100 ex-

175 2122 380 2169 caldatae
412 2119 537 2183 drag.
563 2123 640 2185 III,
672 2125 936 2170 cucumeris
961 2125 1152 2171 seminis
1178 2126 1365 2185 purgati
1388 2120 1512 2183 drag.
1535 2123 1631 2187 XII,
1661 2123 1770 2185 hyo-

176 2194 349 2254 scyami
379 2192 472 2239 albi
502 2195 694 2239 seminis
726 2194 916 2255 cyathos
946 2199 1058 2256 tres,
1096 2196 1189 2255 apii
1218 2194 1408 2240 seminis
1439 2193 1628 2254 cyathos
1659 2199 1771 2256 tres,

175 2262 368 2309 feniculi
398 2264 589 2309 seminis
621 2263 811 2325 cyathos
840 2269 952 2326 tres,
982 2263 1174 2325 lapathii
1200 2264 1391 2310 seminis
1414 2261 1540 2322 drag.
1563 2263 1594 2309 Ι.
1647 2263 1770 2310 Haec
1793 2277 1834 2307 30

175 2334 328 2379 omnia
351 2334 556 2394 primum
580 2334 829 2394 separatim
853 2340 979 2380 teres
1004 2340 1050 2380 et
1066 2332 1369 2394 permiscebis
1385 2347 1493 2379 cum
1508 2347 1646 2393 passo
1664 2333 1770 2380 Cre-

174 2403 282 2465 ticO,
304 2408 406 2449 tum
430 2418 485 2449 ex
510 2417 563 2449 eo
582 2404 723 2450 facies
741 2404 1001 2451 trochiscos
1017 2403 1243 2450 habentes
1259 2400 1385 2463 drag.
1403 2402 1607 2463 singulas
1632 2409 1678 2449 et
1694 2403 1770 2449 da-

174 2472 246 2519 bis
270 2472 499 2519 bibendos
524 2473 732 2534 singulos
757 2488 862 2520 cum
885 2489 1030 2536 aquae
1047 2472 1222 2519 mulsae
1240 2471 1413 2519 calidae
1431 2473 1608 2533 cyathis
1626 2472 1769 2535 binis3

175 2541 288 2589 utile
321 2548 392 2589 est
421 2543 509 2589 hoc
540 2543 843 2606 medicamen,
875 2546 1011 2590 etiam
1040 2545 1079 2589 si
1108 2557 1193 2603 per
1216 2547 1453 2589 veretrum
1482 2542 1770 2589 infundatur.

318 2654 338 2689 1
365 2632 600 2691 eiciendus.
646 2655 671 2691 4
689 2650 873 2703 cyathos
890 2650 1113 2703 soripolos.
1155 2652 1179 2689 5
1199 2649 1509 2701 experimento.
1555 2654 1577 2691 7
1595 2647 1769 2702 signata

173 2704 340 2757 reponi.
383 2710 407 2746 8
425 2705 607 2748 solutus.
651 2709 702 2746 10
721 2704 910 2747 daucini.
945 2708 994 2746 15
1012 2705 1117 2746 satis
1133 2706 1407 2758 unguentum
1421 2705 1589 2747 inverso
1605 2704 1765 2747 ordine.

174 2759 366 2802 castorii.
445 2764 495 2802 18
518 2761 824 2803 terebintinae.
899 2765 950 2801 22
975 2759 1150 2802 desinit.
1219 2764 1271 2801 28
1296 2773 1455 2803 semen.
1517 2765 1569 2802 30
1592 2759 1765 2814 lapacii.
