<?xml version="1.0" encoding="UTF-8"?>
<!DOCTYPE html PUBLIC "-//W3C//DTD XHTML 1.0 Transitional//EN"
    "http://www.w3.org/TR/xhtml1/DTD/xhtml1-transitional.dtd">
<html xmlns="http://www.w3.org/1999/xhtml" xml:lang="en" lang="en">
 <head>
  <title>
</title>
<meta http-equiv="Content-Type" content="text/html;charset=utf-8" />
  <meta name='ocr-system' content='tesseract 3.04.00' />
  <meta name='ocr-capabilities' content='ocr_page ocr_carea ocr_par ocr_line ocrx_word'/>
</head>
<body>
  <div class='ocr_page' id='page_1' title='image "./demedicamentisli00marcuoft_0101.png"; bbox 0 0 1898 3016; ppageno 0'>
   <div class='ocr_carea' id='block_1_1' title="bbox 0 0 40 3016">
    <p class='ocr_par' dir='ltr' id='par_1_1' title="bbox 0 0 40 3016">
     <span class='ocr_line' id='line_1_1' title="bbox 0 0 40 3016; baseline 0 0"><span class='ocrx_word' id='word_1_1' title='bbox 0 0 40 3016; x_wconf 95' lang='lat' dir='ltr'><strong> </strong></span> 
     </span>
    </p>
   </div>
   <div class='ocr_carea' id='block_1_2' title="bbox 804 81 1148 132">
    <p class='ocr_par' dir='ltr' id='par_1_2' title="bbox 804 81 1148 132">
     <span class='ocr_line' id='line_1_2' title="bbox 804 81 1148 132; baseline -0.003 -15"><span class='ocrx_word' id='word_1_2' title='bbox 804 81 1148 132; x_wconf 75' lang='grc'>-89-</span> 
     </span>
    </p>
   </div>
   <div class='ocr_carea' id='block_1_3' title="bbox 116 207 1871 2641">
    <p class='ocr_par' dir='ltr' id='par_1_3' title="bbox 186 207 1861 479">
     <span class='ocr_line' id='line_1_3' title="bbox 186 207 1861 273; baseline -0.004 -13"><span class='ocrx_word' id='word_1_3' title='bbox 186 212 323 261; x_wconf 86' lang='lat' dir='ltr'><strong>debet</strong></span> <span class='ocrx_word' id='word_1_4' title='bbox 358 213 534 273; x_wconf 90' lang='lat' dir='ltr'><strong>inponi.</strong></span> <span class='ocrx_word' id='word_1_5' title='bbox 593 211 658 257; x_wconf 87' lang='lat' dir='ltr'><strong>Ad</strong></span> <span class='ocrx_word' id='word_1_6' title='bbox 698 209 964 272; x_wconf 82' lang='lat' dir='ltr'>nyctalopas</span> <span class='ocrx_word' id='word_1_7' title='bbox 995 207 1244 255; x_wconf 87' lang='lat' dir='ltr'><strong>abolendas</strong></span> <span class='ocrx_word' id='word_1_8' title='bbox 1274 208 1525 270; x_wconf 88' lang='lat' dir='ltr'><strong>lychnitem</strong></span> <span class='ocrx_word' id='word_1_9' title='bbox 1556 207 1861 270; x_wconf 84' lang='lat' dir='ltr'><strong>lapidem,188</strong></span> 
     </span>
     <span class='ocr_line' id='line_1_4' title="bbox 188 277 1776 345; baseline -0.004 -16"><span class='ocrx_word' id='word_1_10' title='bbox 188 297 323 345; x_wconf 89' lang='lat' dir='ltr'><strong>quem</strong></span> <span class='ocrx_word' id='word_1_11' title='bbox 361 296 445 328; x_wconf 89' lang='lat' dir='ltr'><strong>nos</strong></span> <span class='ocrx_word' id='word_1_12' title='bbox 483 280 819 327; x_wconf 82' lang='lat' dir='ltr'><strong>carbunculum</strong></span> <span class='ocrx_word' id='word_1_13' title='bbox 850 279 1063 340; x_wconf 85' lang='lat' dir='ltr'><strong>dicimuS,</strong></span> <span class='ocrx_word' id='word_1_14' title='bbox 1101 283 1257 324; x_wconf 85' lang='lat' dir='ltr'><strong>tecum</strong></span> <span class='ocrx_word' id='word_1_15' title='bbox 1287 277 1470 340; x_wconf 88' lang='lat' dir='ltr'><strong>habeto,</strong></span> <span class='ocrx_word' id='word_1_16' title='bbox 1507 291 1673 338; x_wconf 89' lang='lat' dir='ltr'><strong>magno</strong></span> <span class='ocrx_word' id='word_1_17' title='bbox 1705 291 1776 323; x_wconf 88' lang='lat' dir='ltr'><strong>re-</strong></span> 
     </span>
     <span class='ocr_line' id='line_1_5' title="bbox 186 348 1778 413; baseline -0.004 -14"><span class='ocrx_word' id='word_1_18' title='bbox 186 352 338 399; x_wconf 91' lang='lat' dir='ltr'><strong>medio</strong></span> <span class='ocrx_word' id='word_1_19' title='bbox 374 352 542 413; x_wconf 84' lang='lat' dir='ltr'><strong>uteris3</strong></span> <span class='ocrx_word' id='word_1_20' title='bbox 591 364 729 411; x_wconf 92' lang='lat' dir='ltr'><strong>quem</strong></span> <span class='ocrx_word' id='word_1_21' title='bbox 766 356 819 396; x_wconf 94' lang='lat' dir='ltr'><strong>ut</strong></span> <span class='ocrx_word' id='word_1_22' title='bbox 855 363 1016 396; x_wconf 89' lang='lat' dir='ltr'><strong>verum</strong></span> <span class='ocrx_word' id='word_1_23' title='bbox 1055 362 1157 394; x_wconf 91' lang='lat' dir='ltr'><strong>esse</strong></span> <span class='ocrx_word' id='word_1_24' title='bbox 1197 349 1330 410; x_wconf 85' lang='lat' dir='ltr'><strong>scias,</strong></span> <span class='ocrx_word' id='word_1_25' title='bbox 1368 349 1435 394; x_wconf 88' lang='lat' dir='ltr'><strong>sic</strong></span> <span class='ocrx_word' id='word_1_26' title='bbox 1473 349 1701 410; x_wconf 90' lang='lat' dir='ltr'><strong>experire,</strong></span> <span class='ocrx_word' id='word_1_27' title='bbox 1738 348 1778 393; x_wconf 93' lang='lat' dir='ltr'><strong>si</strong></span> 
     </span>
     <span class='ocr_line' id='line_1_6' title="bbox 187 417 1778 479; baseline -0.004 -10"><span class='ocrx_word' id='word_1_28' title='bbox 187 422 387 469; x_wconf 84' lang='lat' dir='ltr'><strong>festucas</strong></span> <span class='ocrx_word' id='word_1_29' title='bbox 423 420 548 467; x_wconf 88' lang='lat' dir='ltr'><strong>leves</strong></span> <span class='ocrx_word' id='word_1_30' title='bbox 586 420 792 466; x_wconf 86' lang='lat' dir='ltr'><strong>admotas</strong></span> <span class='ocrx_word' id='word_1_31' title='bbox 829 419 886 465; x_wconf 90' lang='lat' dir='ltr'><strong>ad</strong></span> <span class='ocrx_word' id='word_1_32' title='bbox 917 434 966 465; x_wconf 91' lang='lat' dir='ltr'><strong>se</strong></span> <span class='ocrx_word' id='word_1_33' title='bbox 997 419 1132 479; x_wconf 82' lang='lat' dir='ltr'>rapit,</span> <span class='ocrx_word' id='word_1_34' title='bbox 1171 419 1293 464; x_wconf 91' lang='lat' dir='ltr'><strong>sicut</strong></span> <span class='ocrx_word' id='word_1_35' title='bbox 1320 417 1437 478; x_wconf 90' lang='lat' dir='ltr'><strong>lapis</strong></span> <span class='ocrx_word' id='word_1_36' title='bbox 1467 431 1657 478; x_wconf 83' lang='lat' dir='ltr'>magnes</span> <span class='ocrx_word' id='word_1_37' title='bbox 1688 417 1778 463; x_wconf 85' lang='lat' dir='ltr'><strong>fer-</strong></span> 
     </span>
    </p>

    <p class='ocr_par' dir='ltr' id='par_1_4' title="bbox 145 486 1863 828">
     <span class='ocr_line' id='line_1_7' title="bbox 145 486 1861 552; baseline -0.003 -14"><span class='ocrx_word' id='word_1_38' title='bbox 145 505 164 537; x_wconf 81' lang='lat'><strong>5</strong></span> <span class='ocrx_word' id='word_1_39' title='bbox 186 506 290 538; x_wconf 92' lang='lat' dir='ltr'><strong>rum</strong></span> <span class='ocrx_word' id='word_1_40' title='bbox 321 505 483 552; x_wconf 85' lang='lat' dir='ltr'><strong>rapere</strong></span> <span class='ocrx_word' id='word_1_41' title='bbox 515 491 770 537; x_wconf 90' lang='lat' dir='ltr'><strong>consuevit.</strong></span> <span class='ocrx_word' id='word_1_42' title='bbox 821 489 957 535; x_wconf 85' lang='lat' dir='ltr'><strong>Iecur</strong></span> <span class='ocrx_word' id='word_1_43' title='bbox 987 487 1190 550; x_wconf 88' lang='lat' dir='ltr'><strong>ovillum,</strong></span> <span class='ocrx_word' id='word_1_44' title='bbox 1223 487 1269 534; x_wconf 94' lang='lat' dir='ltr'><strong>id</strong></span> <span class='ocrx_word' id='word_1_45' title='bbox 1301 494 1371 534; x_wconf 91' lang='lat' dir='ltr'><strong>est</strong></span> <span class='ocrx_word' id='word_1_46' title='bbox 1402 489 1500 533; x_wconf 90' lang='lat' dir='ltr'><strong>ovis</strong></span> <span class='ocrx_word' id='word_1_47' title='bbox 1531 486 1861 549; x_wconf 85' lang='lat' dir='ltr'><strong>candidae,189</strong></span> 
     </span>
     <span class='ocr_line' id='line_1_8' title="bbox 187 555 1775 620; baseline -0.004 -12"><span class='ocrx_word' id='word_1_48' title='bbox 187 561 443 608; x_wconf 87' lang='lat' dir='ltr'><strong>discoctum</strong></span> <span class='ocrx_word' id='word_1_49' title='bbox 489 573 595 606; x_wconf 90' lang='lat' dir='ltr'><strong>cum</strong></span> <span class='ocrx_word' id='word_1_50' title='bbox 639 573 757 620; x_wconf 84' lang='lat' dir='ltr'><strong>aqua</strong></span> <span class='ocrx_word' id='word_1_51' title='bbox 803 558 1114 605; x_wconf 86' lang='lat' dir='ltr'><strong>madefactum</strong></span> <span class='ocrx_word' id='word_1_52' title='bbox 1159 559 1505 618; x_wconf 90' lang='lat' dir='ltr'><strong>contritumque</strong></span> <span class='ocrx_word' id='word_1_53' title='bbox 1545 563 1591 602; x_wconf 91' lang='lat' dir='ltr'><strong>et</strong></span> <span class='ocrx_word' id='word_1_54' title='bbox 1628 555 1775 602; x_wconf 91' lang='lat' dir='ltr'><strong>oculis</strong></span> 
     </span>
     <span class='ocr_line' id='line_1_9' title="bbox 187 625 1863 692; baseline -0.004 -14"><span class='ocrx_word' id='word_1_55' title='bbox 187 632 532 692; x_wconf 89' lang='lat' dir='ltr'><strong>superpositum</strong></span> <span class='ocrx_word' id='word_1_56' title='bbox 570 628 836 690; x_wconf 80' lang='lat' dir='ltr'><strong>nyctalopas</strong></span> <span class='ocrx_word' id='word_1_57' title='bbox 873 634 1053 688; x_wconf 88' lang='lat' dir='ltr'><strong>purgat.</strong></span> <span class='ocrx_word' id='word_1_58' title='bbox 1119 627 1312 689; x_wconf 88' lang='lat' dir='ltr'><strong>Varulis,</strong></span> <span class='ocrx_word' id='word_1_59' title='bbox 1349 626 1395 672; x_wconf 94' lang='lat' dir='ltr'><strong>id</strong></span> <span class='ocrx_word' id='word_1_60' title='bbox 1435 632 1506 672; x_wconf 89' lang='lat' dir='ltr'><strong>est</strong></span> <span class='ocrx_word' id='word_1_61' title='bbox 1542 625 1863 672; x_wconf 85' lang='lat' dir='ltr'><strong>hordiolis190</strong></span> 
     </span>
     <span class='ocr_line' id='line_1_10' title="bbox 187 696 1778 764; baseline -0.004 -17"><span class='ocrx_word' id='word_1_62' title='bbox 187 700 443 764; x_wconf 91' lang='lat' dir='ltr'><strong>oculorum,</strong></span> <span class='ocrx_word' id='word_1_63' title='bbox 480 699 737 745; x_wconf 87' lang='lat' dir='ltr'><strong>remedium</strong></span> <span class='ocrx_word' id='word_1_64' title='bbox 775 697 866 744; x_wconf 86' lang='lat' dir='ltr'><strong>tale</strong></span> <span class='ocrx_word' id='word_1_65' title='bbox 904 698 1067 744; x_wconf 80' lang='lat' dir='ltr'><strong>facies:</strong></span> <span class='ocrx_word' id='word_1_66' title='bbox 1104 697 1279 743; x_wconf 86' lang='lat' dir='ltr'><strong>Anulos</strong></span> <span class='ocrx_word' id='word_1_67' title='bbox 1322 696 1479 757; x_wconf 84' lang='lat' dir='ltr'><strong>digitis</strong></span> <span class='ocrx_word' id='word_1_68' title='bbox 1519 697 1693 742; x_wconf 83' lang='lat' dir='ltr'><strong>eximes</strong></span> <span class='ocrx_word' id='word_1_69' title='bbox 1733 701 1778 742; x_wconf 92' lang='lat' dir='ltr'><strong>et</strong></span> 
     </span>
     <span class='ocr_line' id='line_1_11' title="bbox 189 764 1779 828; baseline -0.004 -11"><span class='ocrx_word' id='word_1_70' title='bbox 189 772 403 817; x_wconf 80' lang='lat' dir='ltr'><strong>sinistrae</strong></span> <span class='ocrx_word' id='word_1_71' title='bbox 447 783 612 815; x_wconf 88' lang='lat' dir='ltr'><strong>manus</strong></span> <span class='ocrx_word' id='word_1_72' title='bbox 656 768 812 828; x_wconf 86' lang='lat' dir='ltr'><strong>digitis</strong></span> <span class='ocrx_word' id='word_1_73' title='bbox 858 767 1010 814; x_wconf 91' lang='lat' dir='ltr'><strong>tribus</strong></span> <span class='ocrx_word' id='word_1_74' title='bbox 1057 766 1244 813; x_wconf 88' lang='lat' dir='ltr'><strong>oculum</strong></span> <span class='ocrx_word' id='word_1_75' title='bbox 1289 767 1467 812; x_wconf 89' lang='lat' dir='ltr'><strong>circum</strong></span> <span class='ocrx_word' id='word_1_76' title='bbox 1514 764 1694 812; x_wconf 87' lang='lat' dir='ltr'><strong>tenebis</strong></span> <span class='ocrx_word' id='word_1_77' title='bbox 1732 769 1779 810; x_wconf 89' lang='lat' dir='ltr'><strong>et</strong></span> 
     </span>
    </p>

    <p class='ocr_par' dir='ltr' id='par_1_5' title="bbox 126 835 1861 1179">
     <span class='ocr_line' id='line_1_12' title="bbox 126 835 1861 900; baseline -0.002 -17"><span class='ocrx_word' id='word_1_78' title='bbox 126 846 260 886; x_wconf 79' lang='lat' dir='ltr'><strong>mter</strong></span> <span class='ocrx_word' id='word_1_79' title='bbox 296 839 496 900; x_wconf 90' lang='lat' dir='ltr'><strong>despues</strong></span> <span class='ocrx_word' id='word_1_80' title='bbox 541 845 706 899; x_wconf 88' lang='lat' dir='ltr'><strong>terque</strong></span> <span class='ocrx_word' id='word_1_81' title='bbox 744 838 891 884; x_wconf 90' lang='lat' dir='ltr'><strong>dices:</strong></span> <span class='ocrx_word' id='word_1_82' title='bbox 929 838 1046 898; x_wconf 91' lang='lat' dir='ltr'><strong>rica,</strong></span> <span class='ocrx_word' id='word_1_83' title='bbox 1084 838 1202 898; x_wconf 91' lang='lat' dir='ltr'><strong>rica,</strong></span> <span class='ocrx_word' id='word_1_84' title='bbox 1240 850 1360 882; x_wconf 87' lang='lat' dir='ltr'><strong>soro.</strong></span> <span class='ocrx_word' id='word_1_85' title='bbox 1435 835 1485 881; x_wconf 89' lang='lat' dir='ltr'><strong>Si</strong></span> <span class='ocrx_word' id='word_1_86' title='bbox 1521 836 1570 881; x_wconf 90' lang='lat' dir='ltr'><strong>in</strong></span> <span class='ocrx_word' id='word_1_87' title='bbox 1608 835 1861 880; x_wconf 77' lang='lat' dir='ltr'><strong>dextrolal</strong></span> 
     </span>
     <span class='ocr_line' id='line_1_13' title="bbox 189 902 1778 969; baseline -0.004 -13"><span class='ocrx_word' id='word_1_88' title='bbox 189 909 321 956; x_wconf 91' lang='lat' dir='ltr'><strong>oculo</strong></span> <span class='ocrx_word' id='word_1_89' title='bbox 358 908 546 955; x_wconf 91' lang='lat' dir='ltr'><strong>varulus</strong></span> <span class='ocrx_word' id='word_1_90' title='bbox 585 909 675 954; x_wconf 89' lang='lat' dir='ltr'><strong>erit</strong></span> <span class='ocrx_word' id='word_1_91' title='bbox 713 913 861 969; x_wconf 88' lang='lat' dir='ltr'><strong>natus,</strong></span> <span class='ocrx_word' id='word_1_92' title='bbox 899 921 1038 953; x_wconf 90' lang='lat' dir='ltr'><strong>manu</strong></span> <span class='ocrx_word' id='word_1_93' title='bbox 1081 907 1269 952; x_wconf 89' lang='lat' dir='ltr'><strong>sinistra</strong></span> <span class='ocrx_word' id='word_1_94' title='bbox 1307 905 1466 966; x_wconf 85' lang='lat' dir='ltr'><strong>digitis</strong></span> <span class='ocrx_word' id='word_1_95' title='bbox 1507 904 1659 951; x_wconf 86' lang='lat' dir='ltr'><strong>tribus</strong></span> <span class='ocrx_word' id='word_1_96' title='bbox 1692 902 1778 950; x_wconf 87' lang='lat' dir='ltr'><strong>sub</strong></span> 
     </span>
     <span class='ocr_line' id='line_1_14' title="bbox 188 973 1779 1038; baseline -0.004 -13"><span class='ocrx_word' id='word_1_97' title='bbox 188 979 292 1025; x_wconf 91' lang='lat' dir='ltr'><strong>divo</strong></span> <span class='ocrx_word' id='word_1_98' title='bbox 316 980 541 1025; x_wconf 84' lang='lat' dir='ltr'><strong>orientem</strong></span> <span class='ocrx_word' id='word_1_99' title='bbox 574 982 789 1038; x_wconf 89' lang='lat' dir='ltr'><strong>spectans</strong></span> <span class='ocrx_word' id='word_1_100' title='bbox 819 976 1030 1023; x_wconf 86' lang='lat' dir='ltr'><strong>varulum</strong></span> <span class='ocrx_word' id='word_1_101' title='bbox 1061 975 1243 1022; x_wconf 86' lang='lat' dir='ltr'><strong>tenebis</strong></span> <span class='ocrx_word' id='word_1_102' title='bbox 1274 981 1320 1021; x_wconf 90' lang='lat' dir='ltr'><strong>et</strong></span> <span class='ocrx_word' id='word_1_103' title='bbox 1351 975 1500 1021; x_wconf 86' lang='lat' dir='ltr'><strong>dices:</strong></span> <span class='ocrx_word' id='word_1_104' title='bbox 1536 974 1632 1020; x_wconf 93' lang='lat' dir='ltr'><strong>Nec</strong></span> <span class='ocrx_word' id='word_1_105' title='bbox 1655 973 1779 1020; x_wconf 90' lang='lat' dir='ltr'><strong>mula</strong></span> 
     </span>
     <span class='ocr_line' id='line_1_15' title="bbox 188 1044 1782 1110; baseline -0.004 -15"><span class='ocrx_word' id='word_1_106' title='bbox 188 1050 310 1110; x_wconf 90' lang='lat' dir='ltr'><strong>parit</strong></span> <span class='ocrx_word' id='word_1_107' title='bbox 345 1063 431 1095; x_wconf 86' lang='lat' dir='ltr'><strong>nec</strong></span> <span class='ocrx_word' id='word_1_108' title='bbox 468 1048 583 1109; x_wconf 87' lang='lat' dir='ltr'><strong>lapis</strong></span> <span class='ocrx_word' id='word_1_109' title='bbox 621 1047 770 1093; x_wconf 89' lang='lat' dir='ltr'><strong>lanam</strong></span> <span class='ocrx_word' id='word_1_110' title='bbox 808 1047 899 1093; x_wconf 85' lang='lat' dir='ltr'><strong>fert</strong></span> <span class='ocrx_word' id='word_1_111' title='bbox 936 1060 1022 1092; x_wconf 91' lang='lat' dir='ltr'><strong>nec</strong></span> <span class='ocrx_word' id='word_1_112' title='bbox 1059 1045 1169 1092; x_wconf 92' lang='lat' dir='ltr'><strong>huic</strong></span> <span class='ocrx_word' id='word_1_113' title='bbox 1206 1044 1369 1091; x_wconf 89' lang='lat' dir='ltr'><strong>morbo</strong></span> <span class='ocrx_word' id='word_1_114' title='bbox 1415 1050 1556 1105; x_wconf 86' lang='lat' dir='ltr'><strong>caput</strong></span> <span class='ocrx_word' id='word_1_115' title='bbox 1600 1049 1782 1090; x_wconf 89' lang='lat' dir='ltr'><strong>crescat</strong></span> 
     </span>
     <span class='ocr_line' id='line_1_16' title="bbox 190 1112 1780 1179; baseline -0.004 -14"><span class='ocrx_word' id='word_1_116' title='bbox 190 1126 269 1165; x_wconf 89' lang='lat' dir='ltr'><strong>aut</strong></span> <span class='ocrx_word' id='word_1_117' title='bbox 306 1120 346 1164; x_wconf 92' lang='lat' dir='ltr'><strong>si</strong></span> <span class='ocrx_word' id='word_1_118' title='bbox 383 1119 595 1179; x_wconf 91' lang='lat' dir='ltr'><strong>creverit,</strong></span> <span class='ocrx_word' id='word_1_119' title='bbox 632 1116 850 1163; x_wconf 86' lang='lat' dir='ltr'><strong>tabescat.</strong></span> <span class='ocrx_word' id='word_1_120' title='bbox 912 1115 1025 1162; x_wconf 91' lang='lat' dir='ltr'><strong>Cum</strong></span> <span class='ocrx_word' id='word_1_121' title='bbox 1064 1115 1178 1162; x_wconf 88' lang='lat' dir='ltr'><strong>haec</strong></span> <span class='ocrx_word' id='word_1_122' title='bbox 1217 1115 1404 1177; x_wconf 78' lang='lat' dir='ltr'><strong>dixeris,</strong></span> <span class='ocrx_word' id='word_1_123' title='bbox 1442 1114 1589 1160; x_wconf 89' lang='lat' dir='ltr'><strong>isdem</strong></span> <span class='ocrx_word' id='word_1_124' title='bbox 1627 1112 1780 1159; x_wconf 83' lang='lat' dir='ltr'><strong>tribus</strong></span> 
     </span>
    </p>

    <p class='ocr_par' dir='ltr' id='par_1_6' title="bbox 128 1182 1866 1526">
     <span class='ocr_line' id='line_1_17' title="bbox 128 1182 1866 1249; baseline -0.001 -19"><span class='ocrx_word' id='word_1_125' title='bbox 128 1201 168 1231; x_wconf 85' lang='lat'><strong>15</strong></span> <span class='ocrx_word' id='word_1_126' title='bbox 191 1188 348 1249; x_wconf 89' lang='lat' dir='ltr'><strong>digitis</strong></span> <span class='ocrx_word' id='word_1_127' title='bbox 385 1195 556 1234; x_wconf 90' lang='lat' dir='ltr'><strong>terram</strong></span> <span class='ocrx_word' id='word_1_128' title='bbox 594 1193 756 1247; x_wconf 83' lang='lat' dir='ltr'><strong>tanges</strong></span> <span class='ocrx_word' id='word_1_129' title='bbox 793 1192 840 1232; x_wconf 86' lang='lat' dir='ltr'><strong>et</strong></span> <span class='ocrx_word' id='word_1_130' title='bbox 877 1186 1077 1246; x_wconf 90' lang='lat' dir='ltr'><strong>despues</strong></span> <span class='ocrx_word' id='word_1_131' title='bbox 1108 1185 1248 1245; x_wconf 90' lang='lat' dir='ltr'><strong>idque</strong></span> <span class='ocrx_word' id='word_1_132' title='bbox 1280 1190 1353 1230; x_wconf 89' lang='lat' dir='ltr'><strong>ter</strong></span> <span class='ocrx_word' id='word_1_133' title='bbox 1383 1184 1538 1230; x_wconf 84' lang='lat' dir='ltr'><strong>facies.</strong></span> <span class='ocrx_word' id='word_1_134' title='bbox 1595 1182 1771 1229; x_wconf 85' lang='lat' dir='ltr'><strong>Efficax</strong></span> <span class='ocrx_word' id='word_1_135' title='bbox 1786 1191 1866 1228; x_wconf 86' lang='lat'><strong>192</strong></span> 
     </span>
     <span class='ocr_line' id='line_1_18' title="bbox 191 1254 1783 1314; baseline -0.004 -10"><span class='ocrx_word' id='word_1_136' title='bbox 191 1258 278 1304; x_wconf 91' lang='lat' dir='ltr'><strong>hoc</strong></span> <span class='ocrx_word' id='word_1_137' title='bbox 322 1257 579 1303; x_wconf 86' lang='lat' dir='ltr'><strong>remedium</strong></span> <span class='ocrx_word' id='word_1_138' title='bbox 623 1255 870 1302; x_wconf 84' lang='lat' dir='ltr'><strong>hordiolis:</strong></span> <span class='ocrx_word' id='word_1_139' title='bbox 927 1254 1101 1301; x_wconf 90' lang='lat' dir='ltr'><strong>Novem</strong></span> <span class='ocrx_word' id='word_1_140' title='bbox 1149 1268 1289 1314; x_wconf 89' lang='lat' dir='ltr'><strong>grana</strong></span> <span class='ocrx_word' id='word_1_141' title='bbox 1335 1254 1502 1300; x_wconf 89' lang='lat' dir='ltr'><strong>hordei</strong></span> <span class='ocrx_word' id='word_1_142' title='bbox 1541 1267 1697 1300; x_wconf 89' lang='lat' dir='ltr'><strong>sumes</strong></span> <span class='ocrx_word' id='word_1_143' title='bbox 1736 1258 1783 1298; x_wconf 86' lang='lat' dir='ltr'><strong>et</strong></span> 
     </span>
     <span class='ocr_line' id='line_1_19' title="bbox 191 1323 1780 1387; baseline -0.003 -14"><span class='ocrx_word' id='word_1_144' title='bbox 191 1327 248 1373; x_wconf 88' lang='lat' dir='ltr'><strong>de</strong></span> <span class='ocrx_word' id='word_1_145' title='bbox 286 1326 482 1387; x_wconf 90' lang='lat' dir='ltr'><strong>singulis</strong></span> <span class='ocrx_word' id='word_1_146' title='bbox 518 1340 677 1372; x_wconf 85' lang='lat' dir='ltr'><strong>varum</strong></span> <span class='ocrx_word' id='word_1_147' title='bbox 723 1339 903 1386; x_wconf 90' lang='lat' dir='ltr'><strong>punges</strong></span> <span class='ocrx_word' id='word_1_148' title='bbox 946 1339 1125 1385; x_wconf 89' lang='lat' dir='ltr'><strong>perque</strong></span> <span class='ocrx_word' id='word_1_149' title='bbox 1164 1323 1343 1385; x_wconf 87' lang='lat' dir='ltr'><strong>singula</strong></span> <span class='ocrx_word' id='word_1_150' title='bbox 1382 1329 1555 1384; x_wconf 90' lang='lat' dir='ltr'><strong>puncta</strong></span> <span class='ocrx_word' id='word_1_151' title='bbox 1594 1336 1780 1369; x_wconf 88' lang='lat' dir='ltr'><strong>carmen</strong></span> 
     </span>
     <span class='ocr_line' id='line_1_20' title="bbox 191 1393 1784 1456; baseline -0.003 -13"><span class='ocrx_word' id='word_1_152' title='bbox 191 1396 318 1443; x_wconf 89' lang='lat' dir='ltr'><strong>dices</strong></span> <span class='ocrx_word' id='word_1_153' title='bbox 363 1403 410 1442; x_wconf 91' lang='lat' dir='ltr'><strong>et</strong></span> <span class='ocrx_word' id='word_1_154' title='bbox 446 1397 667 1456; x_wconf 88' lang='lat' dir='ltr'><strong>proiectis</strong></span> <span class='ocrx_word' id='word_1_155' title='bbox 704 1409 868 1441; x_wconf 91' lang='lat' dir='ltr'><strong>novem</strong></span> <span class='ocrx_word' id='word_1_156' title='bbox 906 1395 1062 1454; x_wconf 89' lang='lat' dir='ltr'><strong>granis</strong></span> <span class='ocrx_word' id='word_1_157' title='bbox 1109 1399 1287 1454; x_wconf 87' lang='lat' dir='ltr'><strong>septem</strong></span> <span class='ocrx_word' id='word_1_158' title='bbox 1332 1393 1417 1439; x_wconf 86' lang='lat' dir='ltr'><strong>alia</strong></span> <span class='ocrx_word' id='word_1_159' title='bbox 1464 1393 1691 1453; x_wconf 84' lang='lat' dir='ltr'><strong>corripies</strong></span> <span class='ocrx_word' id='word_1_160' title='bbox 1737 1397 1784 1438; x_wconf 83' lang='lat' dir='ltr'><strong>et</strong></span> 
     </span>
     <span class='ocr_line' id='line_1_21' title="bbox 192 1461 1782 1526; baseline -0.003 -14"><span class='ocrx_word' id='word_1_161' title='bbox 192 1466 405 1512; x_wconf 88' lang='lat' dir='ltr'><strong>similiter</strong></span> <span class='ocrx_word' id='word_1_162' title='bbox 435 1466 491 1512; x_wconf 93' lang='lat' dir='ltr'><strong>de</strong></span> <span class='ocrx_word' id='word_1_163' title='bbox 523 1464 716 1526; x_wconf 89' lang='lat' dir='ltr'><strong>singulis</strong></span> <span class='ocrx_word' id='word_1_164' title='bbox 747 1478 927 1525; x_wconf 89' lang='lat' dir='ltr'><strong>punges</strong></span> <span class='ocrx_word' id='word_1_165' title='bbox 959 1470 1005 1510; x_wconf 86' lang='lat' dir='ltr'><strong>et</strong></span> <span class='ocrx_word' id='word_1_166' title='bbox 1035 1478 1222 1510; x_wconf 86' lang='lat' dir='ltr'><strong>carmen</strong></span> <span class='ocrx_word' id='word_1_167' title='bbox 1256 1464 1428 1524; x_wconf 91' lang='lat' dir='ltr'><strong>septies</strong></span> <span class='ocrx_word' id='word_1_168' title='bbox 1460 1463 1601 1525; x_wconf 86' lang='lat' dir='ltr'><strong>dices,</strong></span> <span class='ocrx_word' id='word_1_169' title='bbox 1631 1461 1782 1508; x_wconf 89' lang='lat' dir='ltr'><strong>abiec-</strong></span> 
     </span>
    </p>

    <p class='ocr_par' dir='ltr' id='par_1_7' title="bbox 129 1532 1868 1873">
     <span class='ocr_line' id='line_1_22' title="bbox 129 1532 1783 1596; baseline -0.002 -16"><span class='ocrx_word' id='word_1_170' title='bbox 129 1538 251 1582; x_wconf 70' lang='lat' dir='ltr'><strong>eotis</strong></span> <span class='ocrx_word' id='word_1_171' title='bbox 297 1537 434 1582; x_wconf 90' lang='lat' dir='ltr'><strong>etiam</strong></span> <span class='ocrx_word' id='word_1_172' title='bbox 477 1535 551 1581; x_wconf 92' lang='lat' dir='ltr'><strong>his</strong></span> <span class='ocrx_word' id='word_1_173' title='bbox 604 1536 808 1596; x_wconf 91' lang='lat' dir='ltr'><strong>quinque</strong></span> <span class='ocrx_word' id='word_1_174' title='bbox 854 1548 1009 1580; x_wconf 90' lang='lat' dir='ltr'><strong>sumes</strong></span> <span class='ocrx_word' id='word_1_175' title='bbox 1065 1539 1111 1580; x_wconf 85' lang='lat' dir='ltr'><strong>et</strong></span> <span class='ocrx_word' id='word_1_176' title='bbox 1161 1533 1285 1579; x_wconf 90' lang='lat' dir='ltr'><strong>idem</strong></span> <span class='ocrx_word' id='word_1_177' title='bbox 1332 1533 1581 1594; x_wconf 88' lang='lat' dir='ltr'><strong>quinquies</strong></span> <span class='ocrx_word' id='word_1_178' title='bbox 1625 1532 1783 1593; x_wconf 83' lang='lat' dir='ltr'><strong>facieS,</strong></span> 
     </span>
     <span class='ocr_line' id='line_1_23' title="bbox 191 1600 1782 1665; baseline -0.003 -14"><span class='ocrx_word' id='word_1_179' title='bbox 191 1605 314 1652; x_wconf 92' lang='lat' dir='ltr'><strong>idem</strong></span> <span class='ocrx_word' id='word_1_180' title='bbox 359 1605 415 1651; x_wconf 90' lang='lat' dir='ltr'><strong>de</strong></span> <span class='ocrx_word' id='word_1_181' title='bbox 459 1604 611 1651; x_wconf 89' lang='lat' dir='ltr'><strong>tribus</strong></span> <span class='ocrx_word' id='word_1_182' title='bbox 656 1605 811 1664; x_wconf 87' lang='lat' dir='ltr'><strong>granis</strong></span> <span class='ocrx_word' id='word_1_183' title='bbox 856 1603 1089 1665; x_wconf 89' lang='lat' dir='ltr'><strong>similiter,</strong></span> <span class='ocrx_word' id='word_1_184' title='bbox 1141 1602 1264 1648; x_wconf 91' lang='lat' dir='ltr'><strong>idem</strong></span> <span class='ocrx_word' id='word_1_185' title='bbox 1314 1602 1370 1648; x_wconf 92' lang='lat' dir='ltr'><strong>de</strong></span> <span class='ocrx_word' id='word_1_186' title='bbox 1416 1616 1509 1648; x_wconf 90' lang='lat' dir='ltr'><strong>uno</strong></span> <span class='ocrx_word' id='word_1_187' title='bbox 1555 1600 1782 1648; x_wconf 88' lang='lat' dir='ltr'><strong>similiter.</strong></span> 
     </span>
     <span class='ocr_line' id='line_1_24' title="bbox 192 1672 1784 1735; baseline -0.003 -14"><span class='ocrx_word' id='word_1_188' title='bbox 192 1674 388 1722; x_wconf 79' lang='lat' dir='ltr'><strong>Carmen</strong></span> <span class='ocrx_word' id='word_1_189' title='bbox 419 1680 573 1720; x_wconf 84' lang='lat' dir='ltr'><strong>autem</strong></span> <span class='ocrx_word' id='word_1_190' title='bbox 611 1674 700 1720; x_wconf 92' lang='lat' dir='ltr'><strong>hoc</strong></span> <span class='ocrx_word' id='word_1_191' title='bbox 738 1673 886 1720; x_wconf 85' lang='lat' dir='ltr'><strong>dices:</strong></span> <span class='ocrx_word' id='word_1_192' title='bbox 926 1691 1067 1735; x_wconf 81' lang='grc' dir='ltr'><strong><em>κυρια</em></strong></span> <span class='ocrx_word' id='word_1_193' title='bbox 1101 1690 1240 1733; x_wconf 81' lang='grc' dir='ltr'><strong><em>κυρια</em></strong></span> <span class='ocrx_word' id='word_1_194' title='bbox 1275 1685 1503 1733; x_wconf 83' lang='grc' dir='ltr'><em>κασσαρια</em></span> <span class='ocrx_word' id='word_1_195' title='bbox 1537 1672 1784 1733; x_wconf 77' lang='grc' dir='ltr'><em>σουρωρβι.</em></span> 
     </span>
     <span class='ocr_line' id='line_1_25' title="bbox 193 1741 1868 1791; baseline -0.002 -1"><span class='ocrx_word' id='word_1_196' title='bbox 193 1744 306 1791; x_wconf 86' lang='lat' dir='ltr'><strong>Item</strong></span> <span class='ocrx_word' id='word_1_197' title='bbox 343 1744 432 1790; x_wconf 92' lang='lat' dir='ltr'><strong>hoc</strong></span> <span class='ocrx_word' id='word_1_198' title='bbox 467 1743 722 1790; x_wconf 89' lang='lat' dir='ltr'><strong>remedium</strong></span> <span class='ocrx_word' id='word_1_199' title='bbox 754 1743 937 1790; x_wconf 85' lang='lat' dir='ltr'><strong>efficax:</strong></span> <span class='ocrx_word' id='word_1_200' title='bbox 969 1743 1119 1789; x_wconf 90' lang='lat' dir='ltr'><strong>Grana</strong></span> <span class='ocrx_word' id='word_1_201' title='bbox 1151 1756 1315 1789; x_wconf 90' lang='lat' dir='ltr'><strong>novem</strong></span> <span class='ocrx_word' id='word_1_202' title='bbox 1346 1741 1512 1787; x_wconf 90' lang='lat' dir='ltr'><strong>hordei</strong></span> <span class='ocrx_word' id='word_1_203' title='bbox 1543 1755 1700 1787; x_wconf 89' lang='lat' dir='ltr'><strong>sumes</strong></span> <span class='ocrx_word' id='word_1_204' title='bbox 1731 1746 1868 1786; x_wconf 85' lang='lat' dir='ltr'><strong>et193</strong></span> 
     </span>
     <span class='ocr_line' id='line_1_26' title="bbox 193 1811 1782 1873; baseline -0.003 -13"><span class='ocrx_word' id='word_1_205' title='bbox 193 1814 249 1860; x_wconf 93' lang='lat' dir='ltr'><strong>de</strong></span> <span class='ocrx_word' id='word_1_206' title='bbox 288 1828 449 1860; x_wconf 88' lang='lat' dir='ltr'><strong>eorum</strong></span> <span class='ocrx_word' id='word_1_207' title='bbox 487 1814 699 1859; x_wconf 89' lang='lat' dir='ltr'><strong>acumine</strong></span> <span class='ocrx_word' id='word_1_208' title='bbox 729 1812 941 1858; x_wconf 90' lang='lat' dir='ltr'><strong>varulum</strong></span> <span class='ocrx_word' id='word_1_209' title='bbox 970 1826 1151 1873; x_wconf 90' lang='lat' dir='ltr'><strong>punges</strong></span> <span class='ocrx_word' id='word_1_210' title='bbox 1183 1818 1229 1858; x_wconf 89' lang='lat' dir='ltr'><strong>et</strong></span> <span class='ocrx_word' id='word_1_211' title='bbox 1257 1826 1343 1872; x_wconf 90' lang='lat' dir='ltr'><strong>per</strong></span> <span class='ocrx_word' id='word_1_212' title='bbox 1373 1816 1658 1872; x_wconf 88' lang='lat' dir='ltr'><strong>punctorum</strong></span> <span class='ocrx_word' id='word_1_213' title='bbox 1689 1811 1782 1856; x_wconf 88' lang='lat' dir='ltr'><strong>sin-</strong></span> 
     </span>
    </p>

    <p class='ocr_par' dir='ltr' id='par_1_8' title="bbox 131 1880 1871 2221">
     <span class='ocr_line' id='line_1_27' title="bbox 131 1880 1785 1945; baseline -0.001 -18"><span class='ocrx_word' id='word_1_214' title='bbox 131 1895 170 1927; x_wconf 79' lang='lat'><strong>25</strong></span> <span class='ocrx_word' id='word_1_215' title='bbox 194 1883 323 1945; x_wconf 89' lang='lat' dir='ltr'><strong>gulas</strong></span> <span class='ocrx_word' id='word_1_216' title='bbox 366 1885 491 1929; x_wconf 90' lang='lat' dir='ltr'><strong>vices</strong></span> <span class='ocrx_word' id='word_1_217' title='bbox 537 1896 723 1929; x_wconf 90' lang='lat' dir='ltr'><strong>carmen</strong></span> <span class='ocrx_word' id='word_1_218' title='bbox 774 1881 864 1927; x_wconf 93' lang='lat' dir='ltr'><strong>hoc</strong></span> <span class='ocrx_word' id='word_1_219' title='bbox 916 1882 1063 1928; x_wconf 90' lang='lat' dir='ltr'><strong>dices:</strong></span> <span class='ocrx_word' id='word_1_220' title='bbox 1123 1884 1267 1944; x_wconf 82' lang='grc' dir='ltr'><em>φεῦγε</em></span> <span class='ocrx_word' id='word_1_221' title='bbox 1315 1884 1480 1943; x_wconf 76' lang='grc' dir='ltr'>φεῦγε,</span> <span class='ocrx_word' id='word_1_222' title='bbox 1525 1880 1692 1941; x_wconf 79' lang='grc' dir='ltr'><em>κρείων</em></span> <span class='ocrx_word' id='word_1_223' title='bbox 1736 1893 1785 1926; x_wconf 89' lang='grc' dir='ltr'><strong>σε</strong></span> 
     </span>
     <span class='ocr_line' id='line_1_28' title="bbox 194 1950 1785 2012; baseline -0.003 -13"><span class='ocrx_word' id='word_1_224' title='bbox 194 1950 363 2000; x_wconf 79' lang='grc' dir='ltr'><strong><em>διώκει.</em></strong></span> <span class='ocrx_word' id='word_1_225' title='bbox 413 1951 527 1999; x_wconf 88' lang='lat' dir='ltr'><strong>Item</strong></span> <span class='ocrx_word' id='word_1_226' title='bbox 561 1952 704 2012; x_wconf 92' lang='lat' dir='ltr'><strong>digito</strong></span> <span class='ocrx_word' id='word_1_227' title='bbox 735 1951 1000 1998; x_wconf 91' lang='lat' dir='ltr'><strong>medicinali</strong></span> <span class='ocrx_word' id='word_1_228' title='bbox 1035 1966 1195 1998; x_wconf 90' lang='lat' dir='ltr'><strong>varum</strong></span> <span class='ocrx_word' id='word_1_229' title='bbox 1228 1952 1502 2011; x_wconf 92' lang='lat' dir='ltr'><strong>contingens</strong></span> <span class='ocrx_word' id='word_1_230' title='bbox 1534 1950 1661 1996; x_wconf 89' lang='lat' dir='ltr'><strong>dices</strong></span> <span class='ocrx_word' id='word_1_231' title='bbox 1690 1955 1785 1996; x_wconf 87' lang='lat' dir='ltr'><strong>ter:</strong></span> 
     </span>
     <span class='ocr_line' id='line_1_29' title="bbox 193 2018 1785 2083; baseline -0.002 -15"><span class='ocrx_word' id='word_1_232' title='bbox 193 2023 365 2083; x_wconf 88' lang='lat' dir='ltr'><strong>vigaria</strong></span> <span class='ocrx_word' id='word_1_233' title='bbox 402 2024 580 2083; x_wconf 86' lang='lat' dir='ltr'><strong>gasaria</strong></span> <span class='ocrx_word' id='word_1_234' title='bbox 616 2035 871 2082; x_wconf 86' lang='lat' dir='ltr'><strong>varumque</strong></span> <span class='ocrx_word' id='word_1_235' title='bbox 912 2036 1054 2082; x_wconf 89' lang='lat' dir='ltr'><strong>grano</strong></span> <span class='ocrx_word' id='word_1_236' title='bbox 1092 2020 1255 2067; x_wconf 88' lang='lat' dir='ltr'><strong>hordei</strong></span> <span class='ocrx_word' id='word_1_237' title='bbox 1293 2020 1477 2067; x_wconf 86' lang='lat' dir='ltr'><strong>ardenti</strong></span> <span class='ocrx_word' id='word_1_238' title='bbox 1507 2026 1586 2067; x_wconf 88' lang='lat' dir='ltr'><strong>aut</strong></span> <span class='ocrx_word' id='word_1_239' title='bbox 1616 2018 1785 2080; x_wconf 89' lang='lat' dir='ltr'><strong>stipula</strong></span> 
     </span>
     <span class='ocr_line' id='line_1_30' title="bbox 195 2089 1784 2152; baseline -0.003 -14"><span class='ocrx_word' id='word_1_240' title='bbox 195 2093 316 2138; x_wconf 83' lang='lat' dir='ltr'><strong>faeni</strong></span> <span class='ocrx_word' id='word_1_241' title='bbox 360 2099 439 2138; x_wconf 91' lang='lat' dir='ltr'><strong>aut</strong></span> <span class='ocrx_word' id='word_1_242' title='bbox 475 2091 603 2152; x_wconf 91' lang='lat' dir='ltr'><strong>palea</strong></span> <span class='ocrx_word' id='word_1_243' title='bbox 642 2105 764 2137; x_wconf 91' lang='lat' dir='ltr'><strong>ures.</strong></span> <span class='ocrx_word' id='word_1_244' title='bbox 838 2090 1240 2137; x_wconf 84' lang='lat' dir='ltr'><strong>Confectiones</strong></span> <span class='ocrx_word' id='word_1_245' title='bbox 1286 2090 1655 2152; x_wconf 87' lang='lat' dir='ltr'><strong>collyriorum</strong></span> <span class='ocrx_word' id='word_1_246' title='bbox 1705 2089 1784 2135; x_wconf 91' lang='lat' dir='ltr'><strong>di-</strong></span> 
     </span>
     <span class='ocr_line' id='line_1_31' title="bbox 194 2158 1871 2221; baseline -0.002 -13"><span class='ocrx_word' id='word_1_247' title='bbox 194 2176 484 2208; x_wconf 88' lang='lat' dir='ltr'><strong>versorum</strong></span> <span class='ocrx_word' id='word_1_248' title='bbox 516 2161 580 2207; x_wconf 89' lang='lat' dir='ltr'><strong>de</strong></span> <span class='ocrx_word' id='word_1_249' title='bbox 619 2162 1030 2221; x_wconf 87' lang='lat' dir='ltr'><strong>experimentis</strong></span> <span class='ocrx_word' id='word_1_250' title='bbox 1061 2162 1155 2207; x_wconf 90' lang='lat' dir='ltr'><strong>sic.</strong></span> <span class='ocrx_word' id='word_1_251' title='bbox 1206 2159 1457 2221; x_wconf 82' lang='lat' dir='ltr'><strong>Collyrium</strong></span> <span class='ocrx_word' id='word_1_252' title='bbox 1490 2165 1689 2206; x_wconf 87' lang='lat' dir='ltr'><strong>stactum</strong></span> <span class='ocrx_word' id='word_1_253' title='bbox 1721 2158 1871 2205; x_wconf 71' lang='lat' dir='ltr'><strong>ad-194</strong></span> 
     </span>
    </p>

    <p class='ocr_par' dir='ltr' id='par_1_9' title="bbox 131 2228 1786 2571">
     <span class='ocr_line' id='line_1_32' title="bbox 131 2228 1785 2292; baseline 0 -18"><span class='ocrx_word' id='word_1_254' title='bbox 131 2243 172 2275; x_wconf 79' lang='lat'><strong>30</strong></span> <span class='ocrx_word' id='word_1_255' title='bbox 195 2238 408 2278; x_wconf 89' lang='lat' dir='ltr'><strong>recentes</strong></span> <span class='ocrx_word' id='word_1_256' title='bbox 446 2231 666 2291; x_wconf 90' lang='lat' dir='ltr'><strong>caligines</strong></span> <span class='ocrx_word' id='word_1_257' title='bbox 705 2236 751 2276; x_wconf 88' lang='lat' dir='ltr'><strong>et</strong></span> <span class='ocrx_word' id='word_1_258' title='bbox 788 2237 975 2292; x_wconf 87' lang='lat' dir='ltr'><strong>coeptas</strong></span> <span class='ocrx_word' id='word_1_259' title='bbox 1014 2230 1295 2276; x_wconf 81' lang='lat' dir='ltr'><strong>suffusiones</strong></span> <span class='ocrx_word' id='word_1_260' title='bbox 1326 2229 1569 2276; x_wconf 91' lang='lat' dir='ltr'><strong>oculorum</strong></span> <span class='ocrx_word' id='word_1_261' title='bbox 1601 2228 1785 2275; x_wconf 89' lang='lat' dir='ltr'><strong>confici-</strong></span> 
     </span>
     <span class='ocr_line' id='line_1_33' title="bbox 195 2298 1786 2362; baseline -0.003 -15"><span class='ocrx_word' id='word_1_262' title='bbox 195 2308 272 2348; x_wconf 84' lang='lat' dir='ltr'><strong>tur</strong></span> <span class='ocrx_word' id='word_1_263' title='bbox 310 2303 397 2348; x_wconf 88' lang='lat' dir='ltr'><strong>sic:</strong></span> <span class='ocrx_word' id='word_1_264' title='bbox 457 2300 669 2347; x_wconf 88' lang='lat' dir='ltr'><strong>Cadmiae</strong></span> <span class='ocrx_word' id='word_1_265' title='bbox 707 2299 747 2346; x_wconf 99' lang='lat' dir='ltr'><strong>X</strong></span> <span class='ocrx_word' id='word_1_266' title='bbox 778 2299 857 2346; x_wconf 88' lang='lat' dir='ltr'><strong>VII</strong></span> <span class='ocrx_word' id='word_1_267' title='bbox 889 2300 940 2362; x_wconf 90' lang='lat' dir='ltr'><strong>S,</strong></span> <span class='ocrx_word' id='word_1_268' title='bbox 978 2299 1112 2346; x_wconf 88' lang='lat' dir='ltr'><strong>nardi</strong></span> <span class='ocrx_word' id='word_1_269' title='bbox 1150 2298 1350 2345; x_wconf 89' lang='lat' dir='ltr'><strong>Celticae</strong></span> <span class='ocrx_word' id='word_1_270' title='bbox 1387 2298 1426 2344; x_wconf 93' lang='lat' dir='ltr'><strong>X</strong></span> <span class='ocrx_word' id='word_1_271' title='bbox 1464 2298 1567 2360; x_wconf 93' lang='grc' dir='ltr'>ΙΙΙΙ,</span> <span class='ocrx_word' id='word_1_272' title='bbox 1605 2299 1786 2344; x_wconf 86' lang='lat' dir='ltr'><strong>acaciae</strong></span> 
     </span>
     <span class='ocr_line' id='line_1_34' title="bbox 195 2359 1786 2448; baseline -0.003 -31"><span class='ocrx_word' id='word_1_273' title='bbox 195 2359 234 2416; x_wconf 87' lang='lat' dir='ltr'><strong>X</strong></span> <span class='ocrx_word' id='word_1_274' title='bbox 265 2370 284 2417; x_wconf 91' lang='lat'>1</span> <span class='ocrx_word' id='word_1_275' title='bbox 316 2370 367 2433; x_wconf 97' lang='lat' dir='ltr'><strong>S,</strong></span> <span class='ocrx_word' id='word_1_276' title='bbox 405 2372 526 2416; x_wconf 90' lang='lat' dir='ltr'><strong>aeris</strong></span> <span class='ocrx_word' id='word_1_277' title='bbox 563 2372 659 2417; x_wconf 86' lang='lat' dir='ltr'><strong>usti</strong></span> <span class='ocrx_word' id='word_1_278' title='bbox 694 2370 734 2415; x_wconf 90' lang='lat' dir='ltr'><strong>X</strong></span> <span class='ocrx_word' id='word_1_279' title='bbox 764 2369 784 2415; x_wconf 95' lang='lat' dir='ltr'>I</span> <span class='ocrx_word' id='word_1_280' title='bbox 817 2369 868 2432; x_wconf 89' lang='grc'><strong>8,</strong></span> <span class='ocrx_word' id='word_1_281' title='bbox 914 2369 1041 2416; x_wconf 88' lang='lat' dir='ltr'><strong>stibii</strong></span> <span class='ocrx_word' id='word_1_282' title='bbox 1080 2371 1200 2415; x_wconf 89' lang='lat' dir='ltr'><strong>cocti</strong></span> <span class='ocrx_word' id='word_1_283' title='bbox 1237 2368 1275 2414; x_wconf 89' lang='lat' dir='ltr'><strong>X</strong></span> <span class='ocrx_word' id='word_1_284' title='bbox 1307 2368 1327 2414; x_wconf 95' lang='grc' dir='ltr'>Ι</span> <span class='ocrx_word' id='word_1_285' title='bbox 1359 2368 1411 2431; x_wconf 89' lang='grc'><strong>8,</strong></span> <span class='ocrx_word' id='word_1_286' title='bbox 1454 2382 1637 2448; x_wconf 81' lang='lat' dir='ltr'><strong>myrrae</strong></span> <span class='ocrx_word' id='word_1_287' title='bbox 1675 2367 1714 2413; x_wconf 90' lang='lat' dir='ltr'>X</span> <span class='ocrx_word' id='word_1_288' title='bbox 1752 2366 1786 2427; x_wconf 90' lang='grc' dir='ltr'>Ι,</span> 
     </span>
     <span class='ocr_line' id='line_1_35' title="bbox 195 2435 1785 2503; baseline -0.003 -17"><span class='ocrx_word' id='word_1_289' title='bbox 195 2440 284 2501; x_wconf 94' lang='lat' dir='ltr'><strong>lyci</strong></span> <span class='ocrx_word' id='word_1_290' title='bbox 313 2439 353 2486; x_wconf 89' lang='lat' dir='ltr'>X</span> <span class='ocrx_word' id='word_1_291' title='bbox 382 2440 415 2502; x_wconf 95' lang='lat' dir='ltr'><strong>I,</strong></span> <span class='ocrx_word' id='word_1_292' title='bbox 453 2442 576 2486; x_wconf 90' lang='lat' dir='ltr'><strong>croci</strong></span> <span class='ocrx_word' id='word_1_293' title='bbox 610 2440 649 2486; x_wconf 88' lang='lat' dir='ltr'>X</span> <span class='ocrx_word' id='word_1_294' title='bbox 678 2440 712 2503; x_wconf 93' lang='grc' dir='ltr'>Ι,</span> <span class='ocrx_word' id='word_1_295' title='bbox 750 2454 968 2486; x_wconf 89' lang='lat' dir='ltr'><strong>cerussae</strong></span> <span class='ocrx_word' id='word_1_296' title='bbox 998 2439 1038 2484; x_wconf 90' lang='lat' dir='ltr'>X</span> <span class='ocrx_word' id='word_1_297' title='bbox 1069 2438 1102 2501; x_wconf 92' lang='grc' dir='ltr'><strong>Ι,</strong></span> <span class='ocrx_word' id='word_1_298' title='bbox 1134 2438 1258 2485; x_wconf 90' lang='lat' dir='ltr'><strong>aloes</strong></span> <span class='ocrx_word' id='word_1_299' title='bbox 1292 2438 1384 2499; x_wconf 95' lang='lat' dir='ltr'>XI,</span> <span class='ocrx_word' id='word_1_300' title='bbox 1422 2439 1659 2498; x_wconf 89' lang='lat' dir='ltr'><strong>aeruginis</strong></span> <span class='ocrx_word' id='word_1_301' title='bbox 1689 2435 1785 2498; x_wconf 91' lang='lat' dir='ltr'>XI,</span> 
     </span>
     <span class='ocr_line' id='line_1_36' title="bbox 196 2506 1786 2571; baseline -0.003 -15"><span class='ocrx_word' id='word_1_302' title='bbox 196 2509 373 2571; x_wconf 91' lang='lat' dir='ltr'><strong>lepidae</strong></span> <span class='ocrx_word' id='word_1_303' title='bbox 413 2510 604 2571; x_wconf 82' lang='lat' dir='ltr'><strong>Cypriae</strong></span> <span class='ocrx_word' id='word_1_304' title='bbox 642 2509 681 2555; x_wconf 91' lang='lat' dir='ltr'><strong>X</strong></span> <span class='ocrx_word' id='word_1_305' title='bbox 712 2509 746 2571; x_wconf 94' lang='grc' dir='ltr'>Ι,</span> <span class='ocrx_word' id='word_1_306' title='bbox 783 2511 878 2570; x_wconf 90' lang='lat' dir='ltr'><strong>opii</strong></span> <span class='ocrx_word' id='word_1_307' title='bbox 915 2508 954 2555; x_wconf 93' lang='lat' dir='ltr'><strong>X</strong></span> <span class='ocrx_word' id='word_1_308' title='bbox 987 2509 1003 2554; x_wconf 94' lang='grc' dir='ltr'>Ι</span> <span class='ocrx_word' id='word_1_309' title='bbox 1038 2508 1081 2569; x_wconf 90' lang='lat' dir='ltr'><strong>S,</strong></span> <span class='ocrx_word' id='word_1_310' title='bbox 1119 2510 1295 2569; x_wconf 79' lang='lat' dir='ltr'><strong>pipelis</strong></span> <span class='ocrx_word' id='word_1_311' title='bbox 1329 2522 1470 2568; x_wconf 86' lang='lat' dir='ltr'><strong>grana</strong></span> <span class='ocrx_word' id='word_1_312' title='bbox 1501 2506 1600 2570; x_wconf 92' lang='lat' dir='ltr'><strong>XX,</strong></span> <span class='ocrx_word' id='word_1_313' title='bbox 1638 2513 1786 2553; x_wconf 89' lang='lat' dir='ltr'><strong>casto-</strong></span> 
     </span>
    </p>

    <p class='ocr_par' dir='ltr' id='par_1_10' title="bbox 116 2547 1785 2641">
     <span class='ocr_line' id='line_1_37' title="bbox 116 2547 1785 2641; baseline -0.002 -16"><span class='ocrx_word' id='word_1_314' title='bbox 116 2590 174 2631; x_wconf 68' lang='grc'><strong>,35</strong></span> <span class='ocrx_word' id='word_1_315' title='bbox 198 2581 266 2625; x_wconf 90' lang='lat' dir='ltr'><strong>rei</strong></span> <span class='ocrx_word' id='word_1_316' title='bbox 297 2579 335 2625; x_wconf 87' lang='lat' dir='ltr'><strong>X</strong></span> <span class='ocrx_word' id='word_1_317' title='bbox 358 2580 377 2625; x_wconf 95' lang='grc' dir='ltr'>Ι</span> <span class='ocrx_word' id='word_1_318' title='bbox 403 2579 447 2641; x_wconf 90' lang='grc'>8,</span> <span class='ocrx_word' id='word_1_319' title='bbox 479 2582 679 2640; x_wconf 89' lang='lat' dir='ltr'><strong>gummis</strong></span> <span class='ocrx_word' id='word_1_320' title='bbox 709 2547 748 2625; x_wconf 89' lang='lat' dir='ltr'><strong>X</strong></span> <span class='ocrx_word' id='word_1_321' title='bbox 772 2578 864 2626; x_wconf 86' lang='lat' dir='ltr'><strong>VII.</strong></span> <span class='ocrx_word' id='word_1_322' title='bbox 924 2578 1048 2625; x_wconf 88' lang='lat' dir='ltr'><strong>Haec</strong></span> <span class='ocrx_word' id='word_1_323' title='bbox 1080 2580 1231 2624; x_wconf 85' lang='lat' dir='ltr'><strong>omnia</strong></span> <span class='ocrx_word' id='word_1_324' title='bbox 1262 2580 1308 2623; x_wconf 90' lang='lat' dir='ltr'><strong>in</strong></span> <span class='ocrx_word' id='word_1_325' title='bbox 1340 2577 1580 2638; x_wconf 88' lang='lat' dir='ltr'><strong>pulverem</strong></span> <span class='ocrx_word' id='word_1_326' title='bbox 1610 2578 1785 2623; x_wconf 88' lang='lat' dir='ltr'><strong>tenuis-</strong></span> 
     </span>
    </p>
   </div>
   <div class='ocr_carea' id='block_1_4' title="bbox 309 2724 1788 2780">
    <p class='ocr_par' dir='ltr' id='par_1_11' title="bbox 309 2724 1788 2780">
     <span class='ocr_line' id='line_1_38' title="bbox 309 2724 1788 2780; baseline -0.003 -12"><span class='ocrx_word' id='word_1_327' title='bbox 309 2731 332 2768; x_wconf 79' lang='lat'><strong>2</strong></span> <span class='ocrx_word' id='word_1_328' title='bbox 364 2739 508 2780; x_wconf 84' lang='lat' dir='ltr'><strong>quam.</strong></span> <span class='ocrx_word' id='word_1_329' title='bbox 596 2731 621 2768; x_wconf 88' lang='lat'>4</span> <span class='ocrx_word' id='word_1_330' title='bbox 650 2728 842 2769; x_wconf 78' lang='lat' dir='ltr'><strong>fistuca-s.</strong></span> <span class='ocrx_word' id='word_1_331' title='bbox 931 2732 952 2768; x_wconf 83' lang='lat'><strong>7</strong></span> <span class='ocrx_word' id='word_1_332' title='bbox 985 2726 1177 2768; x_wconf 75' lang='lat' dir='ltr'><strong>ordioliS.</strong></span> <span class='ocrx_word' id='word_1_333' title='bbox 1283 2730 1333 2767; x_wconf 86' lang='lat'><strong>18</strong></span> <span class='ocrx_word' id='word_1_334' title='bbox 1364 2727 1409 2767; x_wconf 76' lang='lat' dir='ltr'><strong>et</strong></span> <span class='ocrx_word' id='word_1_335' title='bbox 1431 2729 1531 2779; x_wconf 78' lang='lat' dir='ltr'><strong>post</strong></span> <span class='ocrx_word' id='word_1_336' title='bbox 1559 2724 1677 2766; x_wconf 84' lang='lat' dir='ltr'><strong>dices</strong></span> <span class='ocrx_word' id='word_1_337' title='bbox 1708 2735 1788 2766; x_wconf 83' lang='lat' dir='ltr'><strong>om.</strong></span> 
     </span>
    </p>
   </div>
  </div>
 </body>
</html>
