1898 3016
844 116 1185 166 ...38-

132 243 379 290 104faciat:
411 245 531 289 intra
566 243 689 289 diem
720 245 1025 290 vicensimum
1056 242 1336 304 persanahit.
1394 242 1632 290 Brassicae
1664 258 1807 291 sucus

211 312 405 360 naribus
450 312 633 359 infusus
679 315 829 374 capite
866 320 1063 374 purgato
1102 313 1309 360 dolorem
1349 327 1533 375 quoque
1571 316 1672 360 eius
1711 314 1807 360 effi-

129 383 394 430 105caciter
431 382 604 429 adimit.
664 382 809 429 Radix
848 383 1061 444 pyrethri
1096 385 1145 429 in
1183 382 1279 429 sole
1317 383 1394 429 diu
1428 384 1808 430 commanducata

129 453 355 499 106etiam
402 453 617 514 pituitam
665 452 866 513 expellit.
940 452 1079 499 Hiera
1125 454 1272 499 maior
1319 453 1493 500 faciens
1542 454 1596 500 ad
1642 456 1806 514 capitis

207 523 404 569 nimium
456 528 503 569 et
553 527 758 568 veterem
811 521 1020 568 dolorem
1064 529 1111 568 et
1158 523 1214 569 ad
1259 522 1519 584 phlegmata
1565 524 1715 584 spissa
1760 529 1848 570 et5

208 594 462 639 constricta
513 591 706 638 laxanda
756 598 802 638 et
846 592 1136 653 provocanda
1183 607 1238 638 ex
1283 593 1430 640 calida
1474 607 1591 653 aqua
1636 595 1806 639 ieiunis

207 661 325 724 data,
364 661 419 708 ad
458 661 729 722 spleniticos
768 676 824 707 ex
862 676 1016 724 posca,
1055 662 1111 708 ad
1150 664 1355 723 epaticos
1390 677 1447 709 ex
1477 664 1582 709 vino
1615 662 1805 724 Graece,

206 731 264 777 ad
294 733 589 778 accessiones
619 731 875 778 cotidianas
906 738 1012 779 ante
1044 734 1356 794 suspicionem
1388 732 1524 779 datur
1555 747 1611 778 ex
1640 734 1805 795 muria,

206 803 314 862 quia
358 809 405 847 et
449 807 659 848 ventrem
695 808 946 864 temperat,
990 804 1188 848 maxime
1225 802 1419 863 prodest
1456 804 1596 848 etiam
1634 802 1804 848 melan-

205 870 399 917 cholicis
437 879 483 917 et
521 873 856 933 scotomatICis,
903 871 1051 918 danda
1096 878 1250 918 autem
1296 871 1513 918 omnibus
1550 873 1719 918 ieiunis
1759 878 1806 918 et
1830 885 1870 915 ιο

204 939 324 987 bene
363 941 556 1002 digestis
595 941 650 987 ad
690 941 879 988 modum
917 943 1050 988 nucis
1088 941 1342 1003 avellanae3
1380 956 1498 1002 quae
1536 947 1719 989 constat
1749 956 1805 988 ex

203 1010 451 1071 speciebus
488 1010 580 1057 his:
628 1010 912 1058 Stoechados
944 1037 1004 1044 —
1034 1010 1054 1057 I
1086 1005 1147 1077 91
1173 1011 1265 1073 VII,
1303 1013 1475 1072 agarici
1507 1038 1565 1044 —
1594 1011 1613 1057 I
1646 1005 1707 1078 ‘9‘
1733 1010 1804 1073 Vl,

203 1079 568 1142 colocynthidos,
605 1080 652 1127 id
683 1087 755 1127 est
785 1080 1071 1143 cucurbitae,
1110 1081 1235 1142 quod
1266 1081 1406 1127 habet
1438 1083 1637 1128 interius
1666 1080 1803 1128 molle

202 1150 328 1196 inter
354 1152 531 1196 semina
562 1151 786 1197 siccatum
817 1150 929 1196 -Ι
961 1145 1021 1217 70-
1047 1150 1119 1213 Vl,
1156 1152 1437 1211 opopanacis
1469 1145 1529 1216 „9⁴
1553 1150 1647 1212 XV,
1678 1164 1805 1210 saga-

202 1221 309 1281 peni
337 1214 398 1286 ῼα
422 1219 514 1282 XV,
544 1219 817 1280 petroselini
842 1214 903 1286 ᾃα
929 1219 1020 1282 XV,
1051 1220 1343 1267 aristolociae
1366 1221 1593 1266 rotundae
1627 1214 1687 1286 9⁴
1711 1219 1804 1282 XV,
1830 1232 1869 1264 15

203 1291 380 1350 piperis
419 1288 510 1335 albi
549 1283 610 1356 9·
642 1289 734 1352 XV,
773 1291 1068 1352 cinnamomi,
1106 1291 1261 1350 spicae
1298 1290 1451 1352 nardi,
1490 1304 1671 1351 myrrae
1709 1296 1803 1337 tro-

202 1358 422 1422 glodytis,
468 1359 588 1422 folii,
634 1361 763 1406 croci
805 1361 968 1406 uncias
1013 1359 1239 1423 singulas,
1284 1359 1433 1406 mellis
1478 1374 1588 1406 vero
1640 1361 1804 1420 optimi

202 1428 464 1489 despumati
509 1435 689 1476 tantum
733 1431 913 1492 mittes,
959 1436 1187 1490 quantum
1230 1430 1432 1476 sufficiat
1475 1429 1656 1490 pulveri
1702 1444 1803 1490 spe-

201 1499 381 1547 cierum
418 1513 560 1560 supra
598 1501 879 1560 scriptarum
917 1499 1176 1560 colligendo
1216 1499 1271 1545 ad
1311 1499 1663 1560 spissitudinem
1694 1513 1802 1545 con-

200 1574 467 1630 gruentem,
506 1569 674 1615 deinde
712 1569 978 1615 confectum
1016 1569 1304 1615 medicamen
1342 1570 1390 1615 in
1428 1569 1615 1615 vasculo
1653 1571 1800 1615 vitreo
1825 1581 1868 1612 20

120 1646 198 1685 107
213 1646 293 1685 aut
336 1638 470 1685 fictili
513 1638 599 1685 sub
647 1639 884 1699 signaculo
930 1645 1198 1699 reponatur.
1273 1638 1497 1700 Cupressi
1538 1640 1804 1684 tenuissimi

119 1717 198 1755 108
213 1708 370 1755 radice
401 1715 542 1769 caput
571 1717 844 1755 coronatum
876 1708 1084 1757 dolorem
1115 1708 1245 1754 brevi
1278 1710 1423 1769 ponit.
1478 1707 1610 1754 Pulei
1639 1708 1802 1754 florem

145 2415 167 2452 1

202 1777 464 1839 destringes
503 1785 549 1825 et
586 1785 711 1825 teres
749 1793 804 1825 ex
843 1780 963 1825 aceti
1001 1778 1178 1840 cyathis
1217 1778 1420 1839 duobus,
1459 1778 1631 1824 adicies
1669 1784 1802 1824 rutae

200 1849 476 1894 tantundem
515 1855 740 1909 quantum
777 1848 904 1910 pulei
941 1854 987 1895 et
1025 1863 1165 1895 unam
1203 1862 1364 1909 cepam
1406 1855 1452 1895 et
1491 1847 1599 1894 salis
1628 1847 1802 1894 bolum.

202 1917 318 1964 Cum
346 1920 498 1965 omnia
524 1920 634 1965 trita
657 1925 810 1981 erunt,
834 1918 1007 1964 adicies
1032 1918 1122 1965 olei
1144 1918 1255 1964 boni
1279 1918 1494 1979 cyathum
1519 1924 1566 1963 et
1594 1919 1801 1964 tenuiter
1824 1929 1865 1960 25

201 1987 468 2049 subcoques
506 2003 558 2035 ac
595 1988 714 2034 bene
753 1988 1059 2050 permiscebis
1090 1994 1228 2049 atque
1259 1988 1482 2034 adversus
1513 1987 1630 2048 pilos
1662 1994 1802 2047 caput

201 2071 256 2103 ex
295 2072 350 2104 eo
388 2057 637 2118 diligenter
674 2072 924 2119 perunges.

895 2183 1019 2231 CAP.
1050 2183 1102 2229 ΙΙ.

197 2257 284 2300 Ad.
337 2268 524 2300 omnes
569 2258 783 2300 dolores
827 2257 1099 2300 emicranii
1142 2259 1195 2299 et
1238 2255 1550 2299 eterocranii
1593 2255 1799 2298 subitos

831 2329 885 2370 et
921 2326 1173 2370 diutinos,

340 2405 583 2452 Hircinum
622 2406 781 2453 fimum
819 2407 984 2452 tritum
1022 2420 1129 2452 cum
1167 2411 1296 2451 aceto
1333 2403 1544 2450 scillitico
1575 2406 1719 2450 misce
1752 2411 1800 2450 et

199 2475 342 2522 fronti
393 2482 440 2522 et
490 2475 782 2538 temporibus
832 2475 997 2538 inline3
1048 2475 1136 2521 hoc
1189 2475 1243 2520 ad
1298 2474 1504 2521 dolorem
1558 2475 1796 2520 emicranii

313 2600 339 2636 4
368 2595 472 2638 iera.
589 2599 613 2636 5
644 2596 914 2649 phleumata.
1019 2600 1041 2637 7
1074 2595 1196 2650 vino]
1225 2594 1340 2636 feno.
1435 2598 1484 2635 12
1517 2594 1798 2649 stoechados]

201 2651 416 2694 streaaos.
532 2655 585 2693 25
616 2652 780 2705 polum.
897 2655 949 2693 26
981 2651 1271 2704 subquoques.

221 2750 227 2757 ζ
312 2706 546 2760 emigranii
660 2707 919 2762 eerogranii.

271 2780 274 2783 ·
311 2766 365 2805 27
399 2761 700 2805 scillitissimo.
818 2768 870 2806 28
902 2761 1147 2817 emigranii‚
1178 2763 1277 2805 item
1308 2766 1375 2813 39,
1412 2766 1445 2803 1.
