1898 3016
774 147 830 154 -
908 119 1011 170 242
1083 93 1199 155 -s

80 258 132 297 72
305 248 531 296 Catellum
569 247 816 295 lactantem
856 248 913 294 de
944 262 1090 294 canna
1121 248 1280 294 occide
1320 256 1365 295 et
1395 248 1451 294 de
1480 250 1580 309 ipsa
1612 263 1757 295 canna

165 317 374 379 splenem
420 320 521 365 eius
567 317 674 365 tolle
721 332 773 364 ac
817 319 1047 364 nescienti
1095 317 1339 378 splenitico
1382 319 1432 364 in
1476 317 1757 365 carbonibus

79 398 131 435 73
164 394 350 435 coctum
388 387 461 434 vel
496 394 700 434 assatum
731 386 1106 433 manducandum
1137 387 1255 433 dato.
1315 387 1602 434 Ammoniaci
1632 386 1756 448 drag.

163 472 243 504 sex
282 472 338 504 ex
378 463 508 504 aceto
547 457 716 504 dilutas
754 471 838 518 per
877 471 957 503 sex
995 456 1095 502 dies
1132 456 1310 502 lienoso
1343 458 1499 503 ieiuno
1530 456 1660 503 dabis
1690 457 1757 503 bi·

161 527 359 590 bendas‚
404 529 467 574 ita
512 536 565 574 ut
610 526 806 588 singulis
851 526 1016 573 diebus
1054 526 1259 587 singulas
1297 526 1511 587 dragmas
1547 528 1801 588 accipiat.5

78 606 130 644 74
159 598 294 644 Aceti
333 596 538 644 scillitici
567 597 773 643 Africani
811 596 1000 658 cyathos
1037 603 1134 642 tres
1173 603 1219 642 et
1254 598 1377 642 roris
1408 597 1575 642 marini
1609 622 1668 629 —
1695 595 1757 642 ΙΙΙ

162 672 378 713 conteres
428 666 676 727 diligenter
721 681 773 712 ac
817 667 973 712 ieiuno
1018 666 1195 712 lienoso
1240 680 1325 726 per
1369 666 1577 713 triduum
1626 665 1756 712 dahis

163 735 410 799 bibendasg
448 751 536 797 qua
574 737 785 797 potione,
824 737 863 781 si
902 735 1012 796 quid
1051 742 1242 796 experto
1281 735 1510 798 creditur,
1549 735 1754 796 spleniti-

161 821 266 853 cum
306 806 363 852 de
400 806 565 853 ultimo
603 805 812 867 periculo
851 804 1084 851 liberabis.

77 886 127 923 75
299 875 536 938 Malagma,
575 874 697 936 quod
738 880 784 921 et
822 874 997 935 splenis
1035 881 1081 921 et
1117 876 1336 920 iocineris
1368 874 1574 921 dolorem
1606 880 1652 920 et
1683 880 1752 920 tu·
1778 888 1818 919 10

162 960 340 992 morem
365 946 689 1006 potentissime
715 950 869 991 curat:
901 944 1292 1004 Crocomagmatis
1317 945 1571 990 sextarium
1595 958 1755 1006 unum,

162 1022 320 1076 guttae
359 1016 634 1061 ammoniaci
670 1014 835 1060 libram
874 1028 1034 1076 unam,
1079 1028 1214 1060 cerae
1256 1013 1421 1060 libram
1458 1028 1621 1075 unam,
1666 1013 1757 1060 olei

161 1087 342 1131 rosacei
373 1111 436 1116 ——
463 1084 539 1130 III.
601 1084 950 1129 Ammoniacum
988 1097 1093 1129 cum
1133 1091 1500 1143 crocomagmate
1539 1097 1594 1129 ex
1625 1090 1755 1129 aceto

162 1163 302 1216 tereS‚
339 1157 403 1200 ita
435 1161 487 1200 ut
517 1153 659 1199 colari
688 1155 850 1214 possit,
882 1159 1022 1213 atque
1052 1151 1147 1198 illic
1176 1151 1333 1198 triduo
1365 1167 1467 1198 esse
1497 1154 1755 1215 permittes,

162 1225 310 1270 donec
347 1222 499 1269 mellis
538 1222 892 1283 spissitudinem
928 1221 1116 1284 haheat3
1160 1229 1319 1282 postea
1367 1236 1471 1268 cera
1510 1221 1756 1282 liquefacta
1779 1235 1820 1266 15

160 1301 206 1340 et
253 1307 495 1339 rosaceum
544 1292 718 1353 oleum,
766 1291 846 1337 sed
893 1305 998 1337 cum
1046 1306 1127 1337 sua
1172 1305 1276 1336 rosa
1320 1293 1483 1337 tritum
1528 1291 1756 1338 adicietur

160 1372 205 1410 et
252 1362 391 1409 simul
429 1364 646 1408 universa
685 1362 955 1422 diligentius
994 1367 1298 1407 conterentur
1335 1367 1473 1422 atque
1511 1361 1757 1408 inductum

159 1435 207 1479 in
246 1447 399 1494 panno
438 1432 727 1478 medicamen
766 1431 916 1492 spleni
954 1430 1026 1476 vel
1063 1432 1209 1476 iecori
1247 1430 1519 1491 adponetur.

75 1513 127 1551 ¹76
301 1502 424 1549 Picis
472 1502 614 1548 durae
661 1502 934 1561 sextarium,
981 1499 1172 1546 sulfuris
1219 1502 1308 1546 vivi
1357 1527 1414 1533 —
1457 1500 1476 1545 Ι
1521 1499 1660 1546 simul
1701 1500 1755 1546 ad

161 1575 315 1634 ignem
354 1573 541 1618 remitte
580 1578 626 1617 et
662 1571 893 1631 permisce
932 1576 1070 1630 atque
1109 1571 1156 1615 in
1195 1569 1355 1616 charta
1386 1571 1563 1630 virgine
1595 1569 1754 1616 induc·
1779 1583 1820 1613 20

158 1649 257 1688 tum
298 1642 447 1703 spleni
486 1641 687 1702 adpone3
732 1655 826 1686 non
867 1641 999 1706 prius
1037 1639 1340 1701 emplastrum
1378 1639 1434 1685 ab
1473 1654 1526 1685 eo
1565 1639 1756 1685 recedet

158 1726 295 1773 quam
334 1713 522 1772 penitus
559 1716 851 1771 persanetur.

75 1793 124 1829 77
297 1781 364 1827 Ad
393 1781 602 1842 splenem
627 1779 886 1826 remedium
911 1778 1160 1840 singulare,
1192 1778 1316 1839 quod
1340 1779 1397 1824 de
1422 1779 1754 1839 experimentis

157 1851 366 1912 probatis
390 1849 670 1897 Gamalielus
700 1848 964 1910 patriarcha
999 1850 1211 1909 proxime
1244 1848 1460 1909 ostendit,
1493 1849 1581 1894 sic:
1618 1847 1752 1908 Lapi-

158 1921 228 1967 dis
249 1922 355 1967 Assi
381 1923 560 1967 unciam
588 1933 728 1966 unam
753 1920 907 1981 semis,
933 1919 1047 1964 visci
1073 1919 1286 1978 quercini
1309 1920 1471 1964 uncias
1496 1932 1590 1980 sex,
1614 1917 1753 1963 calcis
1776 1930 1816 1961 25

158 1992 285 2036 vivae
324 1991 486 2037 uncias
525 1996 636 2051 tres,
675 1988 763 2035 olei
801 1988 980 2035 cedrini
1012 1989 1197 2034 unciam
1227 2002 1379 2034 unam.
1432 1986 1557 2033 Haec
1589 2001 1614 2032 a
1643 1986 1754 2033 luna

158 2066 284 2107 sexta
325 2060 503 2106 decima
542 2060 708 2105 confici
755 2064 801 2104 et
847 2059 986 2118 coqui
1031 2057 1223 2119 debent3
1269 2057 1557 2103 omnifariam
1601 2064 1754 2102 tamen

157 2137 262 2191 post
300 2131 507 2190 quintam
546 2129 774 2175 decimam
804 2127 960 2174 lunam
992 2126 1131 2173 debet
1161 2127 1249 2173 hoc
1281 2126 1568 2172 medicamen
1598 2126 1754 2186 parari

158 2207 204 2246 et
235 2209 326 2246 tam
351 2200 432 2246 diu
465 2200 617 2261 coqui,
650 2198 797 2244 donec
822 2196 990 2243 habeat
1014 2198 1216 2257 speciem
1242 2195 1549 2256 malagmatis3
1584 2194 1751 2240 deinde

158 2269 373 2316 manibus
419 2268 574 2329 subigi
618 2276 664 2314 et
701 2268 862 2313 induci
898 2269 945 2312 in
983 2266 1150 2327 pellem
1188 2265 1429 2312 alutaciam
1467 2271 1606 2325 atque
1644 2264 1752 2310 inde
1775 2278 1817 2308 30

158 2348 322 2400 tepens
360 2339 462 2385 loco
502 2338 677 2399 splenis
716 2337 886 2398 adponi
923 2337 1158 2396 fasciaque
1187 2335 1334 2397 ligari,
1373 2340 1425 2380 ut
1455 2334 1547 2380 11116
1578 2335 1751 2393 iugiter

157 2415 340 2455 maneat
378 2408 543 2454 diebus
582 2422 634 2453 ac
679 2406 897 2453 noctibus
937 2404 1331 2467 quattuordecim,
1374 2418 1458 2465 per
1497 2417 1613 2464 quos
1652 2403 1752 2449 dies

159 2478 485 2524 abstinendum
515 2477 693 2523 balneis
724 2482 770 2523 et
801 2475 981 2536 frigidis
1013 2481 1058 2521 et
1089 2488 1255 2520 venere
1288 2479 1333 2519 et
1362 2474 1511 2533 pomis
1536 2472 1752 2518 omnibus

159 2556 204 2594 et
243 2547 481 2594 holeribus
520 2553 566 2594 et
603 2546 819 2593 dulcibus
856 2545 1107 2606 universis3
1146 2550 1299 2589 tamen
1337 2548 1547 2604 tempore
1585 2541 1751 2588 hiemis

299 2715 322 2751 6
354 2708 518 2751 scilliti.
624 2713 673 2750 12
706 2706 916 2751 ammoni.
1014 2710 1065 2747 14
1095 2704 1283 2747 colorari
1318 2704 1567 2746 Commius.
1654 2716 1749 2757 per—

157 2765 323 2807 mittas,
442 2770 491 2807 18
523 2765 671 2807 iecuri.
788 2768 841 2805 24
871 2761 1146 2815 gamelieIUS.
1262 2765 1314 2802 25
1347 2759 1590 2814 quei-quini,
