1930 3008
101 567 154 604 33

103 775 158 813 34

104 1057 158 1096 35

108 1614 160 1651 36

110 1962 162 1999 37

111 2378 166 2416 38

793 85 1174 135 -280—

184 211 313 257 croci
357 204 419 276 ,9⁴
457 209 540 273 III,
585 225 768 272 myrrae
812 211 1137 274 troglodytidis
1176 205 1238 278 9³
1274 210 1352 259 111.
1422 211 1620 273 Colliges
1662 212 1777 259 haec

185 294 293 327 cum
323 294 442 341 aqua
473 286 552 326 aut
582 295 690 327 cum
720 283 825 328 vino
856 287 1049 343 myrteo,
1087 281 1135 327 id
1167 286 1238 327 est
1267 282 1316 327 in
1347 295 1439 342 quo
1468 283 1609 343 myrti
1637 281 1778 328 bacae

185 351 410 396 coxerint.
468 348 567 396 Hoc
604 351 759 411 ipsum
796 351 1189 397 medicamentum
1221 351 1373 397 ventri
1402 350 1678 414 adpositum,
1715 353 1779 398 ita

185 425 239 467 ut
277 424 436 465 ceroto
474 420 677 481 myrtino
715 420 981 482 colligatur,
1025 419 1258 481 epithema
1295 419 1592 482 dysintericis
1640 422 1780 482 aptis-

185 490 355 536 simum
394 494 479 535 est.
1803 501 1824 533 5

327 557 549 604 Tormina
577 558 864 619 patientibus
893 558 1030 605 multi
1058 565 1269 605 ventrem
1299 560 1494 606 viventis
1528 561 1676 606 anatis
1706 560 1782 607 ad-

186 634 370 689 ponunt
413 628 711 674 adfirmantes
755 630 955 675 transire
999 628 1216 675 morbum
1260 628 1316 675 ad
1361 635 1542 676 anatem
1588 644 1782 691 eamque

187 699 327 760 mori3
366 697 490 759 quod
529 699 570 743 si
604 698 952 759 verpertilionis
982 699 1207 759 sanguine
1236 704 1449 745 ventrem
1480 698 1658 745 oblinas
1688 706 1782 746 tor·

187 768 373 828 minosi,
409 769 458 812 in
496 781 633 814 omne
669 774 856 828 tempus
894 767 1052 814 dolore
1090 767 1330 814 relevabis.
1391 767 1440 814 Si
1476 770 1525 815 in
1555 783 1674 830 aqua
1705 769 1783 815 fri-

189 836 294 897 gida
339 836 654 897 dysintericus
698 838 843 898 pedes
887 852 1036 899 usque
1083 837 1140 883 ad
1177 837 1390 898 genicula
1427 844 1589 899 ponat,
1627 838 1708 884 sed
1746 840 1784 884 si
1809 849 1850 878 10

188 921 284 952 non
322 905 620 969 sebricitabit,
659 913 706 953 et
744 907 800 953 de
832 908 939 953 vino
971 913 1157 954 austero
1187 909 1426 968 potionem
1457 907 1785 955 calidissimam

189 975 333 1037 bibat,
371 978 463 1022 cito
502 975 755 1023 sanabitur.

330 1045 570 1092 Confectio
600 1046 922 1092 medicaminis
945 1047 1054 1091 miri
1077 1046 1325 1092 adversum
1349 1045 1671 1107 dysinteriam:
1701 1046 1785 1093 Te-

191 1122 309 1162 stam
346 1114 575 1176 locustae,
615 1115 661 1161 id
701 1121 772 1162 est
808 1114 935 1161 illam
971 1116 1208 1175 spinosam
1245 1114 1317 1161 vel
1354 1115 1629 1178 aculeatam,
1667 1130 1786 1177 quac

191 1191 263 1231 est
305 1186 435 1230 iuxta
479 1190 640 1245 caput,
685 1184 919 1231 conbures
966 1184 1113 1231 nitide
1159 1190 1205 1231 et
1249 1190 1412 1244 postea
1454 1191 1602 1247 teres,
1648 1191 1701 1232 ut
1737 1187 1785 1231 in
1810 1195 1850 1227 15

190 1255 521 1301 tenuissimum
557 1254 799 1314 pulverem
829 1254 1029 1316 redigas,
1067 1259 1114 1300 et
1145 1255 1213 1300 sic
1245 1255 1301 1316 ei,
1341 1255 1422 1316 qui
1452 1257 1628 1301 ventris
1658 1254 1787 1302 fluxu

192 1323 263 1370 vel
307 1337 474 1370 rosura
517 1323 768 1386 laborabit,
813 1338 868 1370 ex
911 1325 1019 1370 vino
1057 1329 1236 1386 vetere,
1283 1326 1322 1370 si
1359 1338 1453 1370 non
1491 1324 1788 1386 febricitabit,

191 1399 272 1440 aut
315 1395 357 1439 si
398 1393 656 1454 inaequalis
701 1395 811 1455 erit,
866 1408 923 1439 ex
968 1393 1115 1440 calida
1159 1408 1277 1454 aqua
1323 1393 1473 1457 dahis,
1521 1395 1585 1441 ita
1632 1400 1686 1441 ut
1730 1394 1787 1440 de

192 1463 389 1524 singulis
434 1462 630 1511 locustis
675 1469 818 1509 testas
863 1462 1068 1524 singulas
1113 1464 1319 1523 integras
1361 1470 1547 1510 exustas
1584 1478 1669 1525 per
1706 1465 1788 1510 tri-

192 1533 338 1580 duum
375 1532 529 1595 hibat-,5
566 1534 684 1579 mire
722 1532 975 1579 sanabitur.
1812 1543 1853 1573 20

333 1602 482 1648 Mellis
519 1602 768 1664 heminam,
806 1603 902 1648 vini
930 1603 1101 1648 veteris
1133 1603 1401 1663 sextarium,
1439 1603 1616 1663 piperis
1647 1616 1788 1663 grana

193 1673 395 1720 ducenta
431 1679 558 1718 teres
596 1671 844 1733 diligenter
882 1677 930 1717 et
965 1671 1205 1718 conditum
1240 1686 1295 1717 ex
1325 1671 1398 1717 his
1429 1671 1582 1718 tribus
1613 1673 1788 1732 specie-

192 1742 282 1789 bus
312 1742 456 1788 facies
487 1747 533 1788 et
559 1743 716 1788 ieiuno
741 1741 1025 1803 dysinterico
1056 1755 1191 1787 mane
1218 1741 1441 1787 meralem
1467 1741 1658 1787 calicem
1682 1741 1788 1788 cali-

194 1812 305 1859 dum
341 1811 533 1873 plenum
571 1811 717 1873 dabis,
756 1812 912 1858 statim
949 1811 1181 1872 proderit3
1219 1811 1301 1856 sed
1340 1812 1381 1856 si
1410 1825 1602 1857 necesse
1634 1810 1789 1873 fuerit,

194 1896 249 1928 ex
288 1896 342 1928 eo
381 1880 569 1927 condito
607 1882 763 1942 ipsum
798 1880 990 1941 plenum
1026 1879 1246 1926 meralem
1283 1894 1368 1941 per
1405 1880 1613 1926 triduum
1644 1880 1789 1927 dabis.
1812 1888 1867 1919 25·

335 1950 490 1997 Lactis
529 1952 724 2012 capruni
757 1952 914 1996 statim
944 1949 1083 1996 mulsi
1113 1949 1276 2010 grandi
1306 1951 1485 2010 potioni
1515 1949 1702 1996 additur
1733 1950 1789 1996 de

198 2020 391 2081 coagulo
436 2020 636 2066 haedino
679 2020 928 2082 frustrum,
975 2025 1199 2080 quantum
1239 2018 1442 2065 avellana
1479 2019 1667 2079 grandis
1705 2026 1790 2080 est,

195 2090 320 2151 quod
365 2089 523 2149 digitis
568 2089 835 2137 medicinali
880 2095 927 2135 et
971 2089 1138 2150 pollice
1193 2087 1428 2135 sublatum
1471 2088 1543 2134 vel
1594 2090 1789 2134 missum

194 2159 362 2206 iisdem
392 2159 549 2219 digitis
581 2163 962 2219 contemperatur
992 2164 1039 2205 et
1069 2158 1206 2204 datur
1235 2157 1463 2204 laboranti
1493 2157 1790 2220 dysintericO,

196 2229 308 2275 dum
338 2228 490 2275 adhuc
521 2228 641 2274 calet
669 2228 755 2291 lac,
793 2234 1042 2289 antequam
1072 2227 1151 2274 illo
1183 2226 1373 2288 coagulo
1406 2228 1676 2287 stringatur,
1707 2241 1791 2288 per
1814 2236 1856 2266 30

197 2298 428 2360 triduum;
460 2297 575 2344 haec
598 2299 726 2359 potio
750 2299 908 2344 ieiuno
933 2297 1120 2344 dabitur
1143 2302 1305 2343 contra
1328 2297 1554 2342 orientem
1577 2295 1790 2343 bibenda.

340 2366 593 2414 Surculum
624 2367 681 2414 de
712 2381 872 2413 ceraso
905 2367 1111 2413 silvatica
1142 2380 1310 2413 exures
1341 2371 1387 2411 et
1418 2365 1474 2411 de
1504 2371 1623 2411 testa
1647 2367 1792 2412 ostrei

198 2452 345 2499 aeque
391 2437 532 2483 facies
579 2436 864 2498 paribusque
909 2438 1145 2483 mensuris
1193 2435 1432 2497 pulverem
1476 2436 1640 2481 tritum
1684 2449 1790 2482 cum
1839 2472 1843 2474 v

343 2563 362 2598 1
395 2556 556 2599 mitrae
587 2556 855 2611 trogloditis
1000 2561 1024 2597 2
1056 2554 1187 2596 mirti.
1331 2558 1355 2595 3
1387 2554 1600 2609 coxerint]
1639 2556 1791 2597 coctae

199 2612 364 2654 fuerint
397 2612 648 2655 Gornarius.
794 2617 819 2654 8
849 2609 1206 2665 vespertillionis.
1353 2614 1402 2651 17
1434 2623 1587 2651 rosura
1614 2611 1792 2663 scripsi:

197 2681 366 2710 rasura.
440 2672 491 2709 19
521 2668 726 2722 lugustiS.
799 2672 852 2709 26
883 2678 1111 2720 caprunuS.
1172 2669 1224 2706 27
1257 2665 1462 2719 quagulo.
1523 2671 1575 2708 29
1606 2666 1790 2709 hisdem.

198 2728 253 2765 30
284 2724 490 2777 quagulo.
606 2727 657 2765 32
690 2722 913 2765 surculum
943 2722 1118 2775 scripsi:
1148 2718 1359 2762 sucinum.
