1898 3016
96 1796 147 1834 18

98 2214 147 2252 19

808 124 1146 174 ,64-

179 251 381 313 hyaenae
421 250 539 298 fellis
578 250 617 298 X
651 252 691 314 I,
730 251 962 313 euphorbi
998 251 1038 297 X
1069 251 1107 313 13
1146 251 1234 297 hoc
1273 251 1373 298 oleo
1405 251 1600 299 diluitur
1635 260 1681 299 et
1710 254 1774 300 ita

179 321 463 367 admiscetur
494 323 677 368 ceteris.
737 322 918 383 Aquato
951 323 1020 368 uti
1049 320 1284 382 oportebit
1309 321 1398 367 hoc
1422 322 1773 384 medicamento,

178 399 248 437 est
279 392 402 437 enim
434 393 712 437 acerrimum
744 399 790 438 et
821 391 1026 452 undique
1061 405 1246 437 umores
1277 390 1439 454 trahit3
1471 391 1774 453 quamobrem

179 475 271 506 non
317 466 427 507 sunt
470 461 747 523 inungendi,
793 462 874 521 qui
918 462 1084 521 capitis
1123 460 1329 507 dolorem
1366 467 1446 508 aut
1489 462 1776 522 gravidinem

177 529 364 592 habent,
395 536 441 576 et
471 537 577 576 ante
609 530 803 576 biduum
828 537 907 576 aut
930 530 1137 577 triduum
1162 544 1327 591 aquam
1349 529 1523 593 bibant,
1554 545 1671 591 quos
1699 531 1775 577 de-

178 602 424 646 stinaveris
452 615 505 646 eo
536 602 819 662 inunguere3
851 614 1129 661 quamquam
1154 599 1321 647 melius
1344 600 1528 662 facient,
1567 602 1607 646 si
1637 602 1776 647 etiam

177 676 533 730 perseveranter
578 684 743 730 aquam
788 671 1071 732 potaverint3
1117 671 1226 716 vitio
1279 671 1401 716 enim
1447 669 1774 716 molestissimo

178 739 359 786 facilius
383 741 506 786 inter
530 741 661 786 initia
685 739 925 786 carebunt.
964 739 1065 786 Non
1090 747 1246 786 autem
1269 741 1493 801 praeterit
1515 753 1588 785 me
1604 739 1775 787 habere

178 814 224 855 te
248 809 505 870 prudentes
529 809 773 869 oculariOS‚
806 808 977 870 quibus
1005 811 1045 855 si
1068 811 1253 855 nomina
1278 809 1453 855 dixeris
1476 808 1774 871 collyriorum

178 881 225 924 in
249 878 337 925 hoc
361 878 480 925 libro
506 881 804 942 scriptorum,
833 879 1117 926 contendent
1140 879 1296 925 forsan
1320 893 1368 925 se
1394 893 1580 940 quoque
1603 878 1775 926 habere

179 948 340 994 eadem
386 950 648 1010 conposita:
694 949 775 995 sed
821 950 860 995 si
903 949 1111 1009 pondera
1157 954 1236 995 aut
1282 948 1474 995 effectus
1521 963 1775 1009 conparare

179 1018 319 1080 voles,
355 1018 492 1079 longe
530 1018 738 1065 diversos
776 1020 998 1065 invenies.
1059 1018 1155 1079 Ego
1195 1019 1318 1064 enim
1355 1020 1455 1079 ipse
1494 1018 1656 1065 eodem
1695 1034 1773 1065 no-

179 1089 303 1133 mine
356 1088 501 1135 multa
553 1090 814 1150 conposita,
867 1103 959 1134 non
1004 1089 1152 1135 isdem
1198 1087 1483 1148 ponderibus
1529 1094 1575 1134 et
1619 1088 1775 1151 rebus,

179 1157 415 1204 interdum
459 1158 628 1220 habeo,
675 1158 756 1204 sed
801 1160 999 1204 maxime
1040 1157 1247 1218 probatis
1285 1163 1405 1203 utor.
1479 1157 1575 1204 Nec
1613 1159 1776 1219 utique

178 1226 373 1273 adfirmo
412 1242 505 1274 non
541 1242 679 1288 posse
718 1235 764 1274 et
802 1227 915 1274 alios
955 1227 1114 1273 eadem
1148 1226 1335 1289 habere,
1374 1241 1478 1272 nam
1509 1233 1556 1273 et
1586 1229 1686 1287 ipse
1718 1227 1774 1274 ab

179 1295 280 1342 aliis
313 1299 485 1360 accepi,
520 1298 602 1344 sed
632 1311 739 1343 raro
770 1298 866 1344 scio
899 1295 1215 1343 oculariorum
1246 1295 1471 1357 quosdam
1503 1297 1777 1358 simpliciter

178 1366 365 1412 tradere
404 1368 751 1428 conpositiones
788 1381 957 1428 meque
995 1366 1194 1413 multum
1233 1366 1517 1427 elaborasse,
1556 1373 1608 1412 ut
1645 1381 1776 1413 veras

181 1443 228 1481 et
265 1437 562 1498 incorruptas
597 1439 872 1500 acciperem,
903 1438 1120 1483 conscius
1151 1450 1255 1482 sum
1286 1435 1412 1482 mihi.
1471 1434 1633 1496 Neque
1663 1436 1775 1483 illud

178 1519 345 1552 rursus
391 1506 516 1569 dico,
561 1521 702 1552 novas
747 1521 908 1552 omnes
954 1512 1000 1552 et
1044 1520 1138 1552 non
1176 1505 1408 1566 aliquibus
1446 1511 1578 1552 notas
1616 1521 1690 1552 me
1728 1507 1777 1552 in

178 1574 266 1621 hoc
310 1575 431 1621 libro
478 1582 811 1637 congesturum
849 1577 1217 1637 conpositiones,
1264 1589 1424 1621 verum
1463 1577 1602 1621 etiam
1641 1590 1773 1636 quas-

178 1644 283 1690 dam
322 1645 528 1706 vulgatas
566 1653 625 1708 et,
664 1654 716 1692 ut
752 1647 816 1692 ita
847 1645 1009 1707 dicam,
1047 1644 1319 1706 publicatas.
1379 1644 1621 1691 Eiusmodi
1651 1647 1776 1691 enim

179 1717 285 1774 quia
337 1715 550 1762 efficaces
597 1722 724 1778 sunt,
777 1717 917 1762 etiam
961 1715 1176 1776 plurimis
1219 1716 1268 1760 in
1312 1715 1523 1760 notitiam
1569 1716 1775 1761 veniunt.

178 1783 430 1846 Collyrium
461 1786 835 1832 efficacissimum
866 1785 922 1831 ad
954 1791 1184 1832 tumorem
1216 1784 1457 1831 oculorum
1490 1790 1535 1830 et
1565 1784 1774 1831 lacrima-

178 1868 282 1900 rum
322 1856 518 1902 nimium
555 1855 771 1918 fluorem,
810 1857 948 1901 etiam
986 1869 1126 1915 supra
1165 1860 1444 1915 perunctum
1484 1853 1556 1900 vel
1592 1854 1775 1901 inlitum

180 1924 341 1970 efficax
381 1932 472 1988 est,
511 1927 700 1987 accipit:
741 1925 935 1972 Acaciae
973 1923 1013 1969 X
1043 1923 1164 1986 XVI,
1203 1924 1407 1970 cadmiae
1439 1923 1478 1969 X
1508 1923 1612 1987 XII,
1652 1923 1775 1970 aloes

179 1993 217 2038 X
250 1994 309 2057 ΙΙ,
349 1997 489 2058 croci,
527 2010 723 2058 myrrae,
762 1997 857 2056 opii
893 1995 1017 2056 lecti,
1056 1993 1346 2054 singulorum
1381 1993 1596 2039 denarios
1628 1992 1776 2055 binos,

181 2066 382 2110 castorei
418 2065 456 2111 X
494 2066 534 2128 I,
580 2067 777 2112 cummis
817 2065 856 2111 X
893 2064 1014 2127 V111;
1064 2070 1281 2110 teruntur
1325 2062 1439 2109 haec
1485 2064 1637 2109 omnia
1675 2062 1777 2109 dili-1

179 2140 343 2194 genter
381 2142 427 2181 et
465 2150 520 2182 ex
554 2150 672 2196 aqua
702 2137 1049 2196 permiscentur
1086 2139 1224 2194 atque
1262 2133 1369 2179 inde
1403 2134 1558 2179 statim
1589 2132 1777 2194 collyria

179 2203 440 2251 formantur
478 2220 533 2251 ex
569 2220 699 2267 aqua,
740 2220 854 2266 quae
887 2212 996 2251 sunt
1026 2204 1213 2249 omnino
1245 2203 1452 2249 mirifica.
1511 2201 1775 2263 Xerocolly-

179 2275 301 2320 rium
347 2277 574 2334 optimum
619 2275 674 2321 ad
721 2275 968 2336 epiphoras
1014 2287 1145 2320 acres
1190 2278 1237 2318 et
1281 2274 1410 2318 initia
1462 2271 1776 2332 lippitudinis:

180 2342 315 2390 Croci
348 2339 408 2411 ῼα
441 2344 501 2407 II,
541 2344 820 2391 sarcocollae
853 2339 914 2411 9*
946 2343 1000 2406 ΙΙ,
1035 2342 1158 2389 aloes
1190 2342 1436 2402 epatitidos
1469 2335 1529 2407 „9⁴
1562 2342 1594 2404 1,
1626 2342 1777 2402 glauci

181 2407 242 2478 9⁴
267 2413 299 2460 1.
358 2414 482 2461 Haec
514 2416 667 2461 omnia
699 2414 946 2475 diligenter
978 2415 1087 2460 trita
1119 2411 1258 2458 simul
1287 2411 1514 2458 recondes
1538 2412 1585 2457 in
1609 2411 1775 2472 pyxide

180 2497 351 2543 cuprea
384 2492 428 2531 et
459 2499 544 2545 pro
577 2483 880 2546 xerocollyrio
912 2485 1072 2530 uteris.
1133 2481 1207 2527 Ad
1246 2481 1554 2542 epiphoras
1585 2488 1638 2527 et
1669 2480 1776 2542 lip-

180 2553 473 2611 pitudines
528 2554 822 2601 oculorum
874 2552 1123 2599 remedia
1175 2551 1239 2597 de
1286 2552 1676 2612 experimento
1725 2557 1777 2596 et

291 2717 315 2754 5
347 2715 423 2755 aut
452 2715 646 2758 triduum
677 2729 755 2758 om.
828 2719 879 2757 14
909 2714 1028 2769 utor]
1057 2725 1176 2755 ueor.
1252 2717 1304 2754 22
1335 2712 1527 2766 plurimi.
1593 2712 1774 2754 notiam.

182 2773 233 2811 29
266 2769 620 2823 Xyrocollirium.

1797 543 1818 574 5

1799 891 1840 921 10

1799 1239 1839 1270 15

1798 1586 1840 1618 20

1799 1934 1840 1966 25

1800 2283 1898 2314 30-
