1898 3016
820 117 1162 167 *20-

422 271 726 318 Cornelius
763 272 958 319 Celsus
996 272 1186 333 Pullio
1224 273 1409 320 Natali
1446 289 1481 321 s.
1520 275 1562 321 d.

339 382 494 430 Lectis
549 382 732 430 duobus
782 383 914 430 libris
973 385 1346 445 conpositionum
1400 385 1616 443 Graecis,
1668 386 1788 433 Pulli

195 452 384 515 Natalis,
423 467 541 514 quos
579 454 749 499 misisti
784 453 912 514 mihi,
950 459 1003 499 ut
1039 454 1087 499 in
1125 453 1341 501 Latinum
1379 469 1641 502 sermonem
1680 471 1787 502 con-

194 529 442 585 verterem,
479 522 680 569 libenter
716 524 853 583 parui
889 529 996 569 tuae
1034 522 1273 586 voluntati,
1314 524 1477 586 dignos
1515 540 1594 572 eos
1633 527 1787 572 existi-

194 607 349 651 mans,
397 591 567 654 quibus
605 606 794 652 operam
832 592 1156 655 inpenderem,
1205 595 1422 655 quoniam
1459 594 1621 656 plenos
1666 595 1788 641 utili-

194 663 304 709 tatis
339 663 552 724 conperi3
590 660 796 723 alioquin
833 676 1130 709 excusassem
1164 678 1251 726 me,
1288 666 1579 724 propositum
1611 664 1787 710 habens
1810 676 1829 707 5

195 731 312 778 nihil
349 746 443 778 non
481 731 674 793 dignum
713 731 901 778 sublimi
937 731 1252 779 Romanorum
1290 735 1530 780 maiestate
1572 734 1628 780 de
1666 733 1788 780 bono

194 801 452 848 medicinae
498 803 611 847 artis
657 801 1031 862 splendidissime
1077 802 1285 849 scribere
1329 803 1469 864 idque
1506 805 1791 865 perennitati

196 877 243 918 et
278 871 448 918 litteris
486 871 718 917 mandare.
783 870 983 918 Habebit
1024 886 1133 932 ergo
1179 878 1227 918 et
1261 887 1483 933 praesens
1520 879 1705 934 tempus
1743 879 1790 919 et

196 942 355 988 futura
398 941 648 1002 posteritas
693 942 742 986 in
787 941 876 987 hoc
921 947 1176 1002 perpetuae
1229 942 1479 988 voluntatis
1530 957 1660 989 meae
1709 957 1787 989 cu-

197 1025 370 1072 raeque
401 1011 718 1071 gratissimum
749 1025 933 1072 munus,
969 1011 1200 1071 siquidem
1230 1011 1350 1058 bona
1381 1011 1643 1058 valetudine
1674 1012 1791 1058 nihil
1812 1023 1853 1053 10

199 1086 270 1127 est
307 1080 530 1142 pulcrius.
596 1079 711 1126 Dedi
748 1086 903 1126 autem
941 1095 1131 1141 operam
1177 1087 1396 1142 quantam
1440 1083 1593 1143 potui,
1637 1088 1690 1128 ut
1734 1082 1790 1128 ad

197 1149 393 1197 verbum
437 1150 764 1212 transferrem,
811 1164 927 1210 quae
972 1152 1019 1196 in
1058 1149 1247 1196 Graecis
1291 1151 1644 1197 medicinalibus
1689 1166 1792 1212 rep-

197 1221 321 1282 peri,
359 1234 446 1265 nec
484 1220 798 1265 necessariam
836 1233 998 1265 curam
1037 1219 1192 1266 cultus
1222 1221 1446 1266 orationis
1475 1222 1647 1283 putavi,
1685 1222 1794 1281 quia

198 1290 376 1336 rectius
421 1289 531 1335 duxi
577 1290 889 1350 proprietates
936 1290 1177 1335 nominum
1224 1289 1363 1335 edere
1408 1295 1455 1336 et
1498 1304 1597 1336 rem
1635 1304 1792 1336 veram

199 1358 286 1406 sub
337 1358 590 1405 herbarum
643 1359 997 1420 peregrinarum
1041 1358 1278 1405 vocabulis
1327 1358 1572 1420 explicare.
1638 1359 1792 1406 Unum
1814 1370 1856 1402 15

123 1485 126 1488 p
199 1443 347 1490 genus
384 1428 532 1474 fateor
570 1442 644 1474 me
682 1427 1000 1474 translationis
1039 1428 1094 1474 de
1129 1428 1359 1475 industria
1390 1429 1661 1491 declinasse,
1700 1444 1792 1490 quo

197 1499 296 1544 fere
335 1497 501 1544 Graeci
538 1503 736 1543 utuntur
773 1499 821 1543 in
859 1498 1307 1544 medicamentorum
1339 1500 1601 1561 scripturis,
1639 1500 1793 1545 omnia

199 1568 255 1615 ad
295 1567 547 1614 secundam
585 1581 832 1627 personam
871 1567 1157 1627 derigentes:
1196 1581 1279 1628 ego
1315 1582 1423 1613 vero
1453 1569 1502 1613 in
1532 1582 1670 1614 usum
1699 1582 1792 1614 me-

200 1638 585 1698 dicamentorum,
617 1650 734 1697 quae
770 1636 908 1699 edidi,
940 1638 1108 1683 ominis
1138 1636 1249 1683 boni
1278 1638 1424 1698 gratia
1454 1637 1627 1683 nullam
1651 1637 1794 1684 malui

201 1721 339 1769 quam
382 1707 611 1752 infinitam
655 1708 864 1752 inserere
916 1720 1184 1768 personam,
1236 1706 1650 1769 admoneremque,
1702 1708 1794 1753 nisi
1816 1718 1856 1748 20

202 1783 385 1824 certum
421 1775 642 1822 haberem
681 1781 726 1822 te
761 1789 854 1821 non
885 1778 1114 1838 ignorare,
1151 1790 1225 1822 me
1255 1775 1524 1822 huiusmodi
1553 1776 1673 1823 bona
1704 1778 1792 1823 uti-

202 1847 346 1894 litatis
391 1847 539 1906 magis
584 1859 722 1906 quam
768 1845 1090 1892 delectationis
1129 1860 1267 1892 causa
1306 1847 1563 1906 scripsisse.
1630 1845 1796 1892 Graeci

201 1916 368 1963 medici
393 1915 601 1976 pondera
625 1914 1071 1962 medicamentorum
1095 1915 1150 1961 ad
1175 1915 1387 1976 dragmas
1411 1915 1650 1978 redigunt3
1676 1930 1793 1976 quae

203 1988 311 2048 quia
348 1985 404 2032 ad
443 1985 686 2031 denarium
731 1990 946 2032 nostrum
984 1987 1281 2048 conveniunt,
1319 1986 1551 2046 octoginta
1589 1987 1712 2031 enim
1747 1991 1795 2031 et

203 2061 424 2117 quattuor
461 2056 509 2100 in
546 2054 713 2100 libram
750 2055 1014 2118 incurrunt,
1050 2069 1136 2116 pro
1175 2061 1284 2102 nota
1321 2053 1521 2100 Graecae
1560 2053 1790 2117 dragmae,
1815 2064 1855 2095 25

203 2140 322 2187 quae
349 2131 421 2172 est
444 2124 590 2184 figura
615 2124 720 2170 talis
744 2121 794 2171 <
811 2161 825 2186 ,
855 2131 1011 2171 notam
1036 2125 1216 2171 denarii
1238 2123 1461 2185 Latinam,
1496 2138 1633 2185 quam
1656 2126 1793 2186 nosti,

202 2196 353 2258 posui,
389 2194 435 2240 id
475 2200 546 2240 est
583 2193 702 2240 hanc
742 2193 794 2256 X,
833 2200 878 2241 et
915 2194 971 2241 ad
1010 2195 1110 2241 eius
1140 2194 1322 2255 pondus
1353 2193 1550 2239 Graecas
1582 2193 1793 2253 dragmas

203 2264 401 2326 rediges.
458 2263 517 2310 Et
547 2265 766 2324 quoniam
799 2278 915 2325 quae
947 2264 1070 2310 volui
1099 2263 1334 2325 praefatus
1365 2277 1482 2326 sum,
1519 2277 1643 2309 nunc
1676 2277 1792 2323 quae

205 2335 443 2382 desideras
481 2332 734 2394 explicabo.

318 2486 344 2523 4
375 2480 602 2535 quoniam]
635 2481 722 2533 ‹Tffn
754 2495 863 2534 quos
896 2479 1144 2523 Cornarius.
1289 2483 1313 2520 5
1343 2478 1390 2520 ni
1419 2492 1488 2520 me
1518 2477 1795 2532 propositum

205 2537 391 2579 haberet
408 2537 658 2580 commus.
735 2541 785 2579 10
810 2536 1062 2579 valetudine
1077 2540 1154 2578 1m
1176 2534 1420 2577 valitudine
1435 2539 1517 2578 2m
1583 2539 1631 2575 11
1659 2547 1794 2587 quan-

207 2597 302 2636 tum
334 2592 584 2635 Gorwar'c'us.
674 2598 726 2635 18
750 2593 996 2646 derigentes
1027 2595 1103 2633 Im
1133 2590 1371 2644 dirigentes
1394 2594 1475 2634 2m
1559 2594 1609 2632 19
1641 2590 1793 2632 omnis.

208 2649 376 2691 nullam
407 2662 485 2691 om.
574 2652 626 2689 23
658 2648 907 2703 draghmas
1002 2651 1055 2689 25
1086 2647 1338 2699 draghmae.
1439 2650 1491 2687 26
1522 2654 1562 2688 <
1598 2658 1692 2699 eqo:
1723 2646 1793 2687 ·Z·.

207 2709 261 2747 28
292 2705 519 2759 quoniam]
551 2703 638 2757 ῖ1ῗῖ1,
781 2709 833 2747 29
863 2703 983 2745 Finit
1012 2703 1202 2756 epistula
1232 2701 1358 2743 Celsi.
1418 2700 1579 2754 Incipit
1609 2701 1795 2754 epistula

213 2759 460 2803 Vindiciani
483 2761 657 2803 comitis
675 2761 992 2803 archiatrorum
1015 2758 1073 2800 ad
1088 2757 1449 2800 Valentinianum
1471 2757 1792 2810 imperatorem.
