1898 3016
804 115 1185 166 —211—

334 245 581 294 Stomacho
613 244 870 291 remedium
894 245 1121 305 optimum
1149 243 1206 290 de
1230 244 1550 303 experimento
1576 243 1666 290 tale
1691 249 1874 295 est2113

192 316 458 364 Petrosilini
494 317 657 362 uncias
694 322 805 377 tres,
843 313 951 361 salis
988 315 1150 360 uncias
1181 313 1309 375 duas,
1348 313 1483 359 nardi
1519 316 1673 375 spicae
1704 329 1788 361 un·

193 389 326 449 ciam,
363 387 532 432 amomi
571 387 732 432 uncias
770 385 898 448 duas,
934 383 1099 445 hysopi
1143 408 1198 415 —
1235 382 1297 446 11,
1334 385 1595 429 vettonicae
1636 409 1700 416 —
1732 383 1786 432 ll.

192 456 315 503 Haec
361 458 513 502 omnia
558 457 606 502 in
651 469 896 502 cucumam
932 452 1121 500 fictilem
1152 467 1316 499 novam
1353 454 1531 516 mittes,
1570 468 1689 514 quae
1728 455 1789 499 sit

152 539 172 571 ὅ
195 528 504 573 sextariorum
542 538 729 584 novem,
774 538 968 585 eamque
1013 537 1131 585 aqua
1170 522 1409 584 supplebis
1447 529 1494 569 et
1531 522 1788 585 obturabis,

194 603 246 643 ut
282 596 515 642 modicum
553 595 824 656 spiramenti
863 594 1122 655 relinquas,
1167 599 1214 639 et
1258 593 1493 654 decoques
1531 593 1587 639 ad
1624 594 1787 639 tertias

193 680 246 712 ac
294 665 446 712 denuo
491 678 607 726 aqua
646 663 884 725 supplebis
922 670 969 709 et
1006 677 1196 709 rursum
1235 662 1290 709 ad
1329 664 1493 709 tertias
1531 662 1787 725 decoques3

191 742 303 782 tunc
341 735 514 782 adicies
551 733 700 780 mellis
738 734 903 794 optimi
939 733 1204 794 despumati
1242 734 1530 794 quartarium
1570 740 1616 779 et
1646 734 1787 779 tertia

190 806 290 851 vice
329 804 385 851 ad
422 804 598 851 medias
636 803 869 864 decoques
914 817 967 849 ac
1011 808 1171 864 postea
1210 803 1257 848 in
1295 802 1482 849 vasculo
1520 803 1670 848 vitreo
1707 808 1788 848 aut

127 889 168 920 10
190 874 321 921 fictili
357 873 584 921 recondes
623 872 710 920 sub
748 872 986 934 signaculo
1031 878 1170 933 atque
1217 886 1271 917 ex
1317 886 1371 917 eo
1410 871 1655 918 adversum
1695 877 1786 917 sto-

189 944 341 991 machi
384 943 590 990 laborem
635 949 767 989 terna
813 941 1039 989 coclearia
1082 956 1138 988 ex
1184 955 1302 1002 aqua
1340 940 1507 1003 calida,
1554 943 1592 987 si
1631 940 1786 987 febres

189 1021 341 1076 erunt,
379 1021 458 1061 aut
495 1028 550 1060 ex
588 1013 776 1060 condito
815 1014 1015 1074 ieiunus,
1053 1013 1093 1058 si
1128 1026 1222 1058 non
1262 1018 1414 1072 erunt,
1453 1025 1624 1057 sumes.

326 1083 394 1130 Ne
432 1083 699 1130 stomachus
736 1083 1063 1145 perfrigescat,
1108 1082 1267 1128 unctio
1314 1080 1620 1127 saluberrima
1661 1080 1871 1130 haec114

188 1160 278 1200 est:
316 1153 554 1200 Foliorum
590 1152 709 1199 lauri
747 1159 793 1199 et
829 1151 1064 1213 bacarum,
1102 1151 1415 1212 faenograeci,
1454 1152 1670 1211 samsuci,
1706 1165 1784 1196 cu-

126 1237 166 1267 15
188 1225 360 1285 pressi,
405 1224 526 1269 roris
563 1224 733 1268 marini
769 1224 932 1268 uncias
970 1221 1175 1282 singulas
1214 1220 1475 1266 contundes
1513 1226 1560 1266 et
1597 1221 1645 1265 in
1690 1221 1785 1266 vini

190 1295 361 1340 veteris
396 1293 610 1339 sextariis
640 1291 676 1336 V
712 1306 798 1353 per
834 1291 1042 1338 triduum
1082 1289 1354 1352 macerabiS,
1392 1296 1558 1351 quarto
1589 1289 1662 1335 die
1694 1288 1786 1336 olei

190 1361 303 1409 boni
341 1364 568 1409 sextarios
605 1368 703 1408 tres
740 1350 913 1408 adicies
953 1367 999 1407 et
1035 1362 1084 1406 in
1122 1360 1208 1406 olla
1246 1359 1354 1405 rudi
1390 1359 1446 1405 ad
1483 1373 1660 1420 prunas
1690 1373 1784 1405 non

190 1447 324 1479 acres
361 1435 424 1479 ita
457 1432 705 1494 decoques,
742 1432 890 1478 donec
921 1432 1078 1476 vinum
1111 1435 1428 1491 consumatur,
1465 1434 1578 1475 tunc
1610 1427 1784 1475 colabis

190 1509 238 1548 et
275 1508 568 1549 excrementa
607 1500 679 1547 vel
713 1501 876 1547 sordes
906 1499 1080 1546 abicies
1111 1505 1159 1546 et
1188 1513 1356 1546 rursus
1386 1498 1522 1544 ollam
1554 1513 1659 1545 cum
1689 1512 1784 1545 me-

126 1583 168 1615 20
191 1571 418 1619 dicamine
450 1571 506 1618 ad
538 1578 704 1618 tenues
734 1584 910 1631 prunas
941 1584 1141 1631 repones
1172 1570 1309 1630 eique
1340 1567 1482 1614 addes
1513 1582 1648 1614 cerae
1678 1569 1784 1614 niti-

191 1641 275 1688 dae
313 1641 493 1704 libram,
530 1642 713 1687 resinae
744 1639 1086 1687 terebinthinae
1117 1645 1340 1700 purgatae
1373 1637 1604 1684 selibram.
1658 1636 1783 1684 Haec

189 1713 342 1758 omnia
385 1712 614 1772 permixta
659 1716 705 1757 et
749 1711 975 1770 coagitata
1019 1709 1075 1756 ad
1122 1709 1312 1756 modum
1360 1709 1507 1754 ceroti
1554 1707 1784 1754 recondes

190 1787 236 1827 et
281 1795 389 1828 cum
434 1795 552 1841 opus
597 1781 759 1842 fuerit,
803 1794 898 1825 non
944 1779 1092 1826 solum
1136 1779 1193 1825 ad
1232 1777 1478 1839 stomachi,
1524 1777 1605 1823 sed
1644 1779 1782 1823 etiam

190 1849 244 1896 ad
279 1865 528 1896 nervorum
559 1857 604 1896 et
634 1849 953 1897 musculorum
985 1849 1365 1910 perfricationem
1395 1849 1544 1893 uteris
1576 1845 1782 1893 saluber-

120 1931 161 1963 25
184 1921 302 1965 rimo
338 1925 591 1980 unguento

324 1989 596 2035 Antidotum
633 1988 875 2051 Hadriani,
920 2002 1012 2049 quo
1049 1987 1270 2034 utebatur
1313 1985 1482 2032 Caesar
1518 1987 1863 2047 AugustuS,115

186 2073 302 2120 quae
340 2060 468 2120 potio
506 2059 584 2105 dat
621 2060 747 2104 omni
784 2059 971 2119 corpori
1015 2057 1356 2119 fortitudinem3
1404 2057 1616 2117 quisquis
1655 2057 1779 2102 enim

184 2143 238 2174 ea
275 2143 390 2175 usus
427 2129 583 2190 suerit,
620 2142 707 2174 nec
745 2127 973 2174 stomachi
1010 2141 1096 2173 nec
1134 2128 1354 2173 iocineris
1391 2140 1478 2172 nec
1512 2127 1661 2187 epatis
1692 2140 1778 2172 nec

186 2197 361 2259 splenis
398 2213 486 2244 nec
525 2198 679 2245 cordis
717 2212 803 2244 nec
840 2197 1000 2244 lateris
1038 2202 1117 2243 aut
1153 2196 1387 2257 pulmonis
1433 2202 1512 2242 aut
1556 2209 1776 2242 coxarum

122 2281 163 2312 30
185 2267 369 2314 dolores
399 2270 616 2330 patietur,
649 2267 729 2314 sed
759 2282 846 2314 nec
877 2273 1054 2313 tussem
1078 2280 1165 2312 nec
1188 2266 1518 2327 perfrictiones
1541 2279 1627 2312 nec
1652 2279 1777 2325 spas-

185 2352 285 2383 mos
323 2353 408 2384 nec
447 2337 537 2384 coli
574 2337 757 2384 dolores
798 2338 968 2383 sentiet
1008 2350 1095 2382 nec
1133 2336 1445 2398 dysintericus
1483 2349 1569 2381 nec
1609 2334 1778 2396 hydro-

185 2408 320 2467 picus
357 2422 444 2454 nec
476 2409 763 2468 suspiriosus
794 2412 873 2453 aut
903 2405 1166 2452 cholericus
1197 2406 1299 2452 erit.
1357 2405 1488 2451 Facit
1518 2405 1658 2451 etiam
1688 2404 1776 2449 hoc

185 2476 443 2523 remedium
489 2484 652 2524 contra
699 2491 860 2523 omnes
898 2489 1086 2522 umores
1124 2476 1288 2522 noxios
1325 2480 1373 2521 et
1411 2475 1563 2521 omnia
1600 2488 1775 2519 venena

326 2599 347 2636 1
378 2597 585 2638 remedio.
675 2600 728 2638 14
752 2600 853 2650 post
882 2595 1074 2650 cupressi
1109 2596 1209 2637 add.
1241 2593 1391 2645 mirin3
1422 2595 1523 2646 fort.
1554 2594 1776 2646 legendum

183 2651 330 2704 myrti.
466 2656 518 2694 21
554 2652 861 2694 terebintinae.
997 2656 1050 2693 26
1084 2650 1347 2692 Hadrianae.
1484 2654 1536 2692 27
1578 2650 1774 2702 quisque.

183 2711 237 2749 28
274 2706 430 2760 epatis.
552 2713 604 2749 30
633 2707 980 2761 perfricationes.
1095 2720 1283 2760 pasmos
1400 2711 1449 2748 31
1483 2705 1774 2747 disinteriCOS.

182 2763 417 2817 idropicus,
532 2767 584 2805 32
614 2763 867 2806 choleticos.
982 2768 1034 2805 33
1064 2763 1269 2805 humores
1298 2762 1468 2805 noxius.

1438 2832 1521 2872 14*
