1930 3008
795 95 1170 145 —282—

189 222 358 268 veteris
403 223 531 284 puri,
577 222 618 267 si
661 235 755 267 non
791 220 1095 283 febricitabit,
1141 221 1425 283 dysinterico
1463 222 1608 285 dabit3
1657 222 1781 284 quod

188 292 228 337 si
264 290 529 351 inaequalis*
559 291 715 352 fuerit,
753 292 802 337 in
841 291 997 337 caldae
1035 305 1181 352 aquae
1219 292 1408 352 potione
1445 294 1654 353 accipiet.

102 369 157 406 44
327 359 511 407 Fimum
555 359 832 407 caballinum
878 360 1112 407 conbures
1158 366 1206 407 et
1250 362 1455 407 cinerem
1495 362 1592 408 fimi
1627 363 1782 423 ipsum

187 444 295 476 cum
331 431 438 476 vino
476 437 634 477 vetere
671 429 891 476 miscebis
933 436 980 476 et
1017 435 1233 476 conteres
1271 436 1318 477 et
1355 432 1422 478 sic
1460 430 1590 477 dabis
1627 431 1781 493 dysin-

186 501 333 546 terico
371 499 627 546 bibendum
665 501 764 545 sine
804 513 935 559 aqua,
975 501 1015 545 si
1052 514 1146 546 non
1183 499 1480 546 febricitabit.
1803 518 1824 550 5

101 578 154 616 45
326 568 557 615 Aluminis
581 568 744 615 schisti
769 562 830 634 „9³
847 568 932 614 1111
955 583 1061 615 cum
1086 571 1206 615 aceti
1229 569 1509 616 cocliaribus
1530 569 1591 616 III
1614 571 1780 616 misce-

185 637 258 684 bis
296 644 343 685 et
379 645 506 685 teres
541 644 588 684 et
617 637 791 684 colabis
822 643 868 684 et
897 638 1108 699 tepidum
1139 653 1247 685 cum
1277 653 1423 700 aquae
1453 638 1593 722 duplo
1625 639 1782 701 dysin-

185 709 332 754 terico
371 708 502 754 dabis
539 707 807 754 bibendum.

100 787 153 826 46
324 777 564 824 Pumicem
607 777 814 839 mollem,
859 777 1086 837 sfongiam
1131 777 1188 824 de
1233 777 1440 838 qualibet
1483 793 1590 824 rosa
1626 793 1781 841 unam,

184 846 350 908 gallam
381 862 520 894 unam
552 849 707 909 semis,
739 848 928 893 corticis
959 849 1108 893 siccae
1140 847 1196 893 de
1226 846 1347 893 malo
1378 853 1569 908 granato
1596 842 1657 914 ‘9⁴
1682 847 1779 910 1111,
1803 867 1844 897 10

183 918 360 978 piperis
406 931 548 978 grana
593 915 798 962 XLVIIII
842 915 1194 977 diligentissime
1243 923 1369 963 teres
1421 923 1468 963 et
1520 931 1626 963 cum
1672 919 1778 964 vino

183 991 342 1033 vetere
386 985 691 1047 permiscebis
735 991 782 1032 et
826 985 1035 1046 pastillos
1080 985 1296 1046 aequales
1347 986 1457 1032 inde
1508 986 1671 1049 facies,
1727 993 1780 1034 ut

183 1070 291 1103 cum
329 1070 447 1116 opus
485 1056 628 1102 fuerit
666 1055 839 1115 singuli
874 1057 923 1100 in
960 1056 1054 1101 vini
1092 1057 1265 1101 veteris
1302 1055 1489 1101 hemina
1528 1056 1670 1103 soluti
1699 1056 1778 1118 dy-

183 1127 405 1172 sinterico
443 1140 528 1185 per
564 1125 775 1171 triduum
813 1124 997 1185 dentur,
1035 1126 1098 1170 ita
1134 1130 1186 1170 ut
1215 1126 1315 1185 ipsa
1345 1126 1471 1186 potio
1503 1125 1627 1172 ferro
1660 1126 1777 1172 duro

178 1194 378 1257 calefiat3
417 1196 601 1255 insigne
639 1194 899 1240 remedium
939 1195 1031 1240 cito
1071 1195 1352 1254 experietur.
1800 1213 1841 1244 15

97 1273 150 1311 47
322 1264 518 1325 Leporis
556 1263 869 1310 ventriculum
907 1278 1013 1309 cum
1051 1264 1157 1310 fimo
1197 1278 1281 1310 suo
1319 1265 1425 1310 vino
1463 1270 1621 1311 vetere
1659 1265 1776 1311 lava-

182 1333 273 1397 bis,
314 1335 377 1380 ita
415 1340 468 1380 ut
505 1333 669 1380 sordes
706 1335 834 1393 ipsae
872 1332 939 1379 ibi
977 1335 1070 1379 sint
1108 1338 1154 1379 et
1193 1335 1497 1395 misceantur,
1536 1340 1616 1381 aut
1654 1336 1694 1381 si
1730 1337 1779 1381 in

182 1403 442 1450 ventriculo
488 1417 582 1449 non
628 1404 884 1464 inveneriS,
930 1402 1096 1463 pilulas
1143 1403 1199 1449 de
1244 1403 1352 1449 fimo
1398 1405 1546 1464 ipsius
1589 1406 1777 1466 inpares

182 1488 378 1520 numero
417 1475 552 1519 tritas
590 1487 697 1519 cum
735 1474 840 1519 vino
872 1479 1030 1518 vetere
1062 1473 1345 1533 dysinterico
1377 1473 1507 1519 dabis
1538 1473 1777 1521 bibendas.

97 1552 150 1590 48
321 1542 391 1589 Ad
428 1544 606 1589 ventris
643 1542 819 1588 fluxum
859 1543 1098 1588 masticem
1136 1541 1285 1588 albam
1317 1549 1445 1589 teres
1477 1549 1523 1589 et
1551 1545 1601 1589 in
1630 1545 1777 1604 potio·
1801 1562 1842 1592 20

181 1627 290 1659 nem
327 1614 520 1658 mixtam
555 1613 713 1658 mittes
752 1618 798 1658 et
835 1610 1077 1658 calefacies
1115 1611 1234 1657 bene
1270 1613 1418 1672 ipsam
1454 1614 1691 1673 potionem
1729 1615 1778 1659 in

96 1692 149 1729 49
181 1696 299 1743 aqua
338 1682 483 1728 calida
514 1688 561 1729 et
589 1681 839 1735 bibendam
869 1695 953 1741 per
983 1681 1192 1727 triduum
1223 1679 1367 1727 dabis.
1418 1681 1621 1728 Herbam
1651 1682 1778 1742 plan-

181 1753 386 1812 taginem
423 1751 614 1813 colliges
652 1766 704 1798 ac
744 1756 868 1797 teres
906 1757 953 1797 et
990 1764 1155 1796 sucum
1194 1751 1296 1796 eius
1334 1765 1441 1797 cum
1478 1753 1573 1798 vini
1605 1754 1777 1798 veteris

180 1823 384 1884 potione,
423 1822 463 1867 si
499 1835 593 1867 non
630 1820 927 1882 febricitabit,
964 1820 1247 1880 dysinterico
1278 1834 1362 1881 per
1393 1820 1600 1867 triduum
1631 1820 1776 1868 dabis.

96 1901 150 1938 50
320 1891 389 1938 Ad
428 1891 604 1937 ventris
641 1890 816 1937 fluxum
856 1889 926 1936 vel
957 1889 1013 1935 ad
1045 1888 1353 1950 dysintericos
1383 1891 1474 1936 iam
1506 1891 1776 1952 desperatos
1799 1907 1840 1938 25

181 1961 442 2007 remedium
480 1962 568 2007 sic:
617 1959 852 2021 Vermem,
891 1959 1015 2005 unde
1053 1973 1246 2005 coccum
1285 1961 1528 2022 tinguitur,
1565 1966 1691 2007 teres
1730 1966 1777 2008 et

181 2044 287 2076 cum
326 2032 431 2076 vino
470 2036 628 2076 vetere
667 2031 841 2090 optimo
879 2030 1115 2090 potionem
1153 2030 1345 2075 mixtam
1382 2035 1428 2076 et
1465 2029 1658 2076 calidam
1691 2044 1778 2091 per

179 2099 388 2147 triduum
427 2099 571 2145 dabis.

95 2179 148 2216 51
320 2169 389 2216 Ad
436 2169 737 2230 dysinteriam
782 2169 878 2214 sive
924 2169 1205 2214 torminosos
1250 2173 1298 2214 et
1342 2168 1422 2228 qui
1467 2167 1775 2215 deiectionem

179 2240 369 2285 nimiam
413 2240 657 2299 patiuntur
702 2237 961 2284 remedium
1006 2239 1094 2284 sic:
1147 2237 1351 2284 Ovorum
1396 2236 1575 2283 vitellos
1614 2243 1773 2285 coctos
1796 2253 1838 2283 30

180 2310 277 2355 sive
314 2311 545 2370 incoctos,
591 2322 727 2354 uvam
765 2314 996 2368 agrestem
1035 2307 1213 2353 acidam
1249 2312 1296 2353 et
1332 2305 1472 2367 gallas
1509 2309 1610 2367 pari
1646 2321 1773 2354 men-

180 2392 290 2425 sura
320 2385 419 2425 tere
451 2392 504 2424 ac
526 2379 758 2438 permisce
782 2383 829 2423 et
851 2376 1107 2423 bibendum
1131 2376 1418 2422 medicamen
1440 2381 1604 2436 tepens
1628 2377 1774 2424 trade.

96 2458 148 2494 52
319 2448 564 2494 Frumenti
608 2449 719 2494 tosti
762 2461 905 2507 grana
947 2448 1102 2507 inpari
1144 2459 1361 2506 numero,
1410 2445 1623 2493 similiter
1667 2446 1774 2493 hor-

181 2517 256 2563 dei
308 2523 355 2564 et
404 2518 559 2579 pisae,
611 2531 718 2563 cum
772 2516 923 2562 mellis
975 2516 1236 2576 despumati
1292 2514 1479 2561 hemina
1530 2517 1674 2563 misce
1727 2522 1774 2563 et

320 2627 344 2663 2
378 2622 552 2676 caldae]
584 2622 725 2664 calda.
821 2626 845 2662 3
875 2621 1027 2675 ipsius.
1114 2625 1140 2662 4
1171 2619 1296 2662 dabis
1327 2622 1490 2674 (repet.)
1517 2621 1770 2667 bibendum.

178 2678 416 2776 ξὸεἳιξίἒὲἓ
443 2677 557 2776 ‹ginszti
677 2682 728 2719 12
759 2677 828 2732 ut]
860 2679 916 2719 et.
1011 2675 1341 2719 21‘0alefacias.
1429 2681 1482 2719 29
1515 2676 1768 2730 dysinteria.
