1898 3016
840 92 1243 141 —34-‘

212 220 405 282 ligatum
444 226 492 266 et
529 220 671 280 capiti
707 219 1047 266 circumdatum
1088 218 1237 265 dolori
1277 221 1380 266 eius
1416 220 1594 267 mederi
1625 227 1808 268 constat

213 305 299 337 nec
338 291 494 336 minus
530 289 721 336 herbam
753 288 1030 351 polygonon,
1069 303 1207 350 quam
1237 289 1419 336 rubiam
1452 304 1681 346 vocamus,
1719 292 1807 337 cir-

126 371 181 408 45
214 360 477 407 cumdatam
522 361 663 420 capiti
708 358 913 405 dolorem
959 358 1124 405 tollere
1170 361 1351 420 experti
1387 373 1562 406 sumus.
1635 360 1807 407 Ramus

213 432 374 491 spinae
405 429 533 476 albae
565 428 780 490 alligatus
809 430 951 489 capiti
981 428 1234 475 efficaciter
1255 429 1482 491 medetur,
1511 432 1669 490 senapi
1694 444 1806 491 quo-

213 514 304 562 que
328 514 435 546 cum
459 506 563 545 ruta
588 505 634 545 et
658 513 775 559 aqua
807 500 970 544 tritum
1002 504 1048 544 et
1078 498 1135 544 ad
1165 498 1314 545 mellis
1345 499 1703 546 crassitudinem
1735 514 1805 546 re-

127 580 180 618 46
214 570 414 616 (lactum.
466 568 646 614 Corona
679 582 735 614 ex
759 567 901 614 herba
925 567 1055 614 hiera
1078 567 1260 631 botane,
1285 583 1422 630 quam
1451 584 1535 615 nos
1558 569 1808 615 verbenam

128 650 181 687 47
213 640 427 700 dicimus,
466 639 585 685 facta
620 639 854 698 capitique
886 639 1088 698 inposita
1119 637 1302 684 dolores
1333 638 1466 685 tollit.
1526 638 1808 686 Cucurbitae

212 709 375 755 viridis
412 714 621 755 ramenta
655 707 851 754 cerebro
882 709 1083 768 inposita
1112 708 1370 755 infantibus
1402 723 1602 771 quoque,
1641 710 1721 770 qui
1751 723 1807 755 ex

214 779 375 826 dolore
435 779 600 839 capitis
659 791 881 824 nauseam
936 779 1201 840 patiuntur,
1261 778 1542 824 validissime
1595 784 1806 839 prosunt.

128 858 182 896 48
212 848 368 896 Herba
422 855 631 894 strumus
684 849 884 894 contrita
939 854 985 894 et
1039 862 1146 894 cum
1199 847 1299 894 oleo
1351 850 1579 909 permixta
1638 850 1808 909 inposi-

212 926 353 981 taque
392 917 683 978 temporibus
722 925 768 963 et
805 923 903 964 toto
943 919 1130 978 corpori
1167 932 1273 964 cum
1311 919 1412 979 ipso
1452 918 1553 964 oleo
1583 918 1809 978 perducta

213 988 554 1035 incredibiliter
585 993 630 1033 et
662 989 826 1047 capitis
858 987 1066 1033 dolorem
1098 986 1216 1034 tollit
1247 995 1293 1034 et
1322 988 1608 1050 languorem,
1640 989 1680 1034 si
1704 989 1809 1049 quis

128 1068 181 1105 49
213 1060 376 1120 fuerit,
415 1072 612 1118 corpore
652 1057 857 1103 discutit.
915 1057 1061 1103 Radix
1099 1059 1311 1118 cupressi
1349 1059 1505 1104 tenuis
1542 1059 1684 1118 capiti
1720 1059 1808 1104 cir·

129 1138 183 1176 50
214 1128 431 1176 cumdata
475 1127 686 1174 dolorem
731 1129 832 1173 eius
876 1126 1009 1173 levat.
1081 1126 1229 1173 Bacae
1267 1127 1385 1174 lauri
1422 1129 1575 1188 inpari
1612 1141 1808 1173 numero

214 1200 442 1246 contritae
487 1203 534 1243 et
579 1197 680 1243 oleo
726 1197 906 1242 adiecto
951 1196 1098 1243 calido
1145 1198 1290 1243 fronti
1332 1198 1559 1258 inpositae
1596 1203 1807 1258 prosunt.

130 1278 181 1316 51
214 1268 380 1316 Oleum
411 1282 466 1314 ex
492 1281 612 1313 nuce
636 1266 866 1328 iuglande,
891 1280 1009 1327 quae
1032 1266 1354 1328 manducatur,
1386 1281 1658 1328 expressum
1687 1266 1811 1313 subi·

214 1346 314 1386 tum
364 1338 530 1398 capitis
574 1335 804 1397 dolorem,
857 1338 897 1382 si
942 1351 995 1382 eo
1041 1336 1344 1398 perfricetur,
1396 1339 1513 1383 mire
1559 1337 1810 1397 conpescit.

130 1417 182 1455 52
214 1408 384 1455 Malum
417 1407 691 1469 cydoneum,
722 1405 952 1466 palmulae
978 1407 1198 1467 quinque,
1228 1408 1471 1468 papaveris
1495 1412 1636 1467 caput
1667 1419 1811 1452 unum

215 1479 401 1538 dempto
442 1479 618 1523 semine
669 1491 820 1537 usque
865 1475 919 1522 ad
967 1482 1188 1536 quattuor
1226 1477 1415 1537 cyathos
1453 1491 1560 1523 cum
1599 1490 1716 1537 aqua
1754 1475 1809 1522 ad

214 1549 378 1595 tertias
428 1547 674 1593 decoctum
721 1552 768 1592 et
813 1560 919 1592 cum
965 1545 1113 1591 mulsa
1156 1560 1273 1606 aqua
1311 1548 1441 1607 potui
1486 1546 1643 1592 datum
1684 1545 1811 1591 valde

129 1628 183 1666 53
214 1617 420 1680 prodest.
494 1615 622 1662 Folia
667 1616 776 1662 mali
818 1615 985 1662 Punici
1029 1615 1279 1676 diligenter
1322 1617 1522 1662 contrita
1560 1622 1606 1661 et
1644 1615 1810 1662 deinde

214 1702 356 1735 sucus
391 1701 554 1733 eorum
593 1686 663 1732 vel
699 1687 800 1746 ipsa
831 1685 932 1731 oleo
963 1687 1193 1746 permixta
1223 1691 1440 1746 potenter
1471 1687 1608 1731 etiam
1639 1687 1810 1731 invete-

214 1764 342 1804 ratos
380 1756 565 1806 dolores
603 1761 870 1817 persanant,
909 1757 948 1801 si
986 1755 1094 1801 inde
1132 1755 1324 1802 adsidue
1363 1756 1493 1801 frons
1524 1761 1571 1801 et
1599 1761 1811 1815 tempora

130 1838 185 1875 54
214 1828 544 1890 perfricentur.
605 1825 720 1872 Cum
756 1824 953 1872 intrabis
985 1825 1151 1872 urbem
1182 1825 1449 1887 quamlibet,
1489 1832 1594 1871 ante
1630 1830 1811 1886 portam

214 1897 417 1959 lapillos,
465 1897 545 1957 qui
581 1898 629 1942 in
667 1898 739 1942 via
776 1895 1015 1956 iacebunt,
1054 1901 1168 1956 quot
1205 1894 1408 1942 volueris
1447 1894 1611 1955 collige
1650 1895 1811 1941 dicens

214 1974 373 2014 tecum
411 1968 510 2027 ipse
550 1965 605 2012 ad
645 1967 810 2026 capitis
846 1965 1053 2011 dolorem
1089 1971 1135 2011 te
1173 1966 1431 2011 remedium
1463 1964 1641 2027 tollere,
1679 1971 1726 2010 et
1756 1978 1812 2010 ex

214 2037 289 2084 his
334 2051 480 2083 unum
527 2037 668 2096 capiti
713 2035 920 2097 alligato,
964 2041 1146 2081 ceteros
1190 2041 1297 2096 post
1340 2041 1524 2096 tergum
1569 2036 1687 2080 iacta
1725 2048 1812 2080 nec

132 2117 185 2155 55
216 2115 345 2154 retro
369 2108 566 2166 respice.
616 2104 766 2167 Creta,
792 2120 908 2166 quae
933 2104 1126 2151 Cimolia
1149 2104 1420 2166 appellatur,
1446 2110 1575 2151 cocta
1600 2118 1655 2150 ex
1680 2110 1811 2150 aceto

132 2187 185 2225 56
217 2177 361 2224 fronti
405 2177 604 2237 inposita
653 2181 872 2236 potenter
916 2175 1142 2221 medetur.
1219 2174 1294 2220 Sal
1343 2189 1449 2221 cum
1497 2179 1603 2220 ruta
1647 2175 1811 2220 tritum

219 2248 399 2294 adiecto
445 2245 582 2292 melle
628 2245 772 2292 fronti
822 2245 1008 2291 inlitum
1061 2246 1375 2291 certissimum
1420 2243 1679 2290 remedium
1728 2250 1810 2289 est..

138 2327 189 2364 57
221 2315 431 2378 Faecula,
470 2330 558 2376 qua
590 2316 843 2362 infectores
874 2321 1087 2377 utuntur,
1126 2315 1165 2360 si
1202 2314 1425 2375 spondam
1456 2313 1564 2359 lecti
1594 2315 1813 2375 priorem,

1833 862 1874 892 10

1832 1209 1872 1240 15

1835 1557 1877 1588 20

1835 1906 1875 1938 25

1835 2255 1877 2286 30

220 2401 310 2447 qua
355 2388 425 2432 vir
471 2385 634 2447 cubat,
673 2386 951 2446 perunxeris
997 2390 1044 2430 et
1088 2384 1291 2444 spondae
1336 2383 1488 2429 medio
1533 2382 1834 2444 inligaveris,

135 2466 187 2504 58
221 2456 405 2502 dolores
453 2457 618 2516 capitis
656 2454 948 2501 remediabis.
1023 2453 1091 2499 Ex
1129 2453 1288 2500 eadem
1327 2468 1466 2515 aqua,
1504 2452 1560 2498 de
1599 2467 1689 2514 qua
1727 2452 1812 2499 bos

218 2532 299 2572 aut
346 2527 505 2571 asinus
555 2524 748 2588 biberit,
786 2523 1024 2585 paululum
1071 2529 1309 2584 sumptum
1347 2529 1393 2569 et
1436 2528 1647 2584 potatum
1692 2521 1812 2569 tollit

330 2636 355 2673 4
386 2631 536 2684 senapi
566 2636 641 2672 Im
673 2631 818 2684 sinapi
845 2634 934 2673 2m.
1041 2635 1065 2672 6
1095 2629 1321 2672 redactum
1351 2641 1429 2671 om.
1527 2628 1811 2682 gerabotane.

214 2686 498 2786 l20811331imtliomia,
600 2691 651 2728 29
675 2686 893 2729 frontibus
917 2685 1073 2740 posit-a.
1163 2691 1214 2727 32
1246 2683 1540 2738 peruncxeris.
1629 2688 1682 2725 34
1705 2696 1810 2738 pau-
