1930 3008
756 83 1130 133 —339—

154 213 404 273 ciamento,
450 226 541 273 quo
588 213 658 259 uti
702 211 844 274 soleS,
891 211 1045 258 locum
1090 212 1333 272 inguinum
1379 210 1667 258 laborantem
1705 212 1745 258 si

153 282 472 344 perfricueris,
510 281 755 328 confestim
793 282 1113 342 intertrigines
1148 280 1294 328 tolles.
1353 281 1612 343 Axungiam
1642 295 1743 342 per·
1775 290 1829 329 36

155 358 357 398 veterem
409 350 706 413 liquefactam
751 358 798 398 et
843 365 1080 398 cerussam
1126 350 1244 397 bene
1298 352 1454 398 tritam
1499 352 1746 412 permisce,

155 421 303 468 donec
341 423 474 482 acopi
511 420 868 468 crassitudinem
906 420 1085 483 habeat,
1115 426 1253 481 atque
1287 421 1395 467 inde
1427 421 1747 481 intertrigines

111 504 132 537 5
156 491 372 552 perfrica,
410 490 663 538 efficaciam
700 491 896 538 remedii
934 490 1314 551 celeritatemque
1349 490 1602 552 mirabere3
1639 504 1747 536 nam

154 561 243 607 hoc
288 559 576 607 medicamen
621 562 758 607 etiam
796 560 1022 621 rhagadas
1060 561 1312 607 efficaciter
1351 567 1494 607 sanat.
1561 559 1744 606 Cretam
1777 569 1830 606 37

155 631 464 691 argentariam
511 645 617 678 cum
658 632 764 676 vino
803 637 958 677 vetere
996 632 1155 677 tritam
1192 632 1403 691 impones
1442 631 1566 677 tritis
1604 631 1746 676 inter-

155 698 428 762 triginibuS,
472 701 646 761 optime
688 701 946 760 accipieris.
1014 699 1126 747 Oleo
1164 706 1321 747 vetere
1361 706 1407 746 et
1444 714 1562 761 aqua
1601 698 1746 746 calida
1778 706 1831 745 38

153 770 381 831 permixta
419 768 610 816 adsidue
647 770 837 830 inguina
876 769 997 826 fove,
1044 771 1266 816 continuo
1313 769 1560 816 subvenies
1605 771 1747 815 inter-

93 837 407 900 1otriginibus
438 840 623 885 attritis.
693 838 741 885 Si
779 838 1062 885 exulceratio
1100 840 1449 900 intertriginum
1488 841 1598 900 erit,
1640 853 1747 900 spu-
1778 846 1830 884 39

155 922 274 958 mam
320 909 501 969 argenti
539 923 596 955 ex
632 909 739 954 vino
778 915 994 955 conteres
1032 911 1167 970 eique
1205 908 1444 969 pulverem
1483 910 1610 969 pinei
1648 922 1749 955 cor-

154 979 259 1024 ticis
298 979 425 1024 tunsi
460 977 680 1024 miscebis
719 985 765 1024 et
801 977 955 1024 locum
993 978 1174 1025 inlines.

293 1047 362 1093 Ad
413 1049 605 1108 inguina
656 1054 702 1094 et
752 1054 1038 1107 apostemata
1082 1048 1340 1095 remedium
1387 1049 1475 1095 sic:
1534 1047 1748 1109 Equinus
1779 1055 1833 1093 40

155 1119 343 1177 sanguis
389 1119 584 1163 maxime
630 1117 891 1163 admissarii
927 1119 1038 1178 equi
1075 1117 1347 1179 frequenter
1384 1117 1547 1164 inlitus
1585 1118 1746 1165 huius-

92 1198 133 1230 15
155 1186 281 1232 modi
310 1186 547 1233 molestias
579 1194 730 1248 sanat;
760 1186 959 1248 ungulae
992 1201 1177 1248 quoque
1209 1189 1310 1233 eius
1335 1187 1603 1234 combustae
1630 1189 1748 1234 cinis

155 1270 262 1302 cum
300 1256 402 1302 oleo
433 1256 672 1317 adpositus
702 1256 826 1302 idem
856 1263 1075 1317 praestat.
1136 1256 1328 1303 Cocleae
1359 1258 1487 1303 vivae
1520 1258 1747 1303 contritae
1779 1265 1832 1302 41

154 1340 262 1372 cum
305 1340 461 1387 myrra
505 1332 553 1372 et
595 1327 838 1386 impositae
883 1326 1156 1386 inguinibus
1202 1322 1379 1373 efficaci
1424 1326 1594 1372 auxilio
1641 1326 1749 1374 sub-

153 1397 367 1456 veniunt3
408 1395 489 1441 sed
526 1395 858 1456 relinquendae
890 1402 999 1442 sunt
1029 1396 1145 1458 loco,
1183 1398 1259 1442 cui
1290 1396 1525 1457 adpositae
1558 1396 1748 1458 fuerint,

154 1471 248 1511 tam
286 1465 385 1527 diu,
423 1464 570 1511 donec
608 1471 773 1526 sponte
812 1464 1048 1527 decidant,
1088 1465 1210 1527 quod
1249 1466 1349 1527 fiet,
1387 1480 1495 1512 cum
1530 1479 1749 1526 persana-

92 1546 133 1577 20
155 1535 318 1580 verint.
378 1535 548 1580 Arietis
587 1548 726 1595 quam
762 1535 1059 1595 pinguissimi
1095 1534 1198 1581 lana
1234 1534 1371 1595 plena
1402 1537 1499 1582 suis
1531 1535 1748 1582 sordibus
1778 1527 1832 1580 42

154 1603 396 1650 combusta
450 1610 496 1650 et
540 1605 588 1650 in
633 1603 871 1664 pulverem
916 1604 1103 1650 redacta
1147 1604 1340 1665 prodest
1384 1604 1661 1666 plurimum,
1710 1607 1751 1652 si

153 1688 207 1720 eo
247 1675 403 1720 cinere
442 1687 498 1719 ex
535 1687 652 1734 aqua
691 1673 844 1720 locum
883 1674 1125 1734 inguinum
1164 1675 1504 1735 perfricaveris.

293 1742 520 1788 Bestiolae
563 1742 856 1804 multipedeS,
896 1758 1012 1803 quae
1044 1746 1092 1790 in
1122 1743 1236 1790 locis
1266 1743 1437 1790 umidis
1470 1750 1516 1790 et
1547 1744 1748 1790 sordidis
1779 1751 1832 1789 43

154 1818 411 1859 nascuntur
457 1826 667 1873 quaeque
707 1819 947 1859 contactae
986 1813 1175 1874 pilulam
1213 1813 1268 1859 de
1308 1828 1357 1859 se
1396 1813 1592 1874 faciunt,
1640 1828 1747 1860 con-

91 1893 131 1924 25
154 1883 289 1928 tritae
335 1882 512 1928 adiecta
558 1883 693 1928 tertia
735 1890 866 1942 parte
904 1884 1086 1928 resinae
1126 1882 1465 1929 terebinthinae
1505 1882 1745 1943 emplastri

152 1950 289 1997 modo
335 1951 570 2011 adpositae
610 1950 906 1997 collectiones
945 1953 1236 2013 incipientes,
1278 1966 1393 2013 quas
1432 1951 1598 1998 Graeci
1635 1967 1742 2013 apo·

153 2027 346 2066 sternata
391 2026 576 2082 vocant,
621 2020 734 2066 adeo
781 2029 963 2083 sanant,
1008 2027 1061 2067 ut
1105 2023 1399 2068 tenacissime
1439 2021 1743 2083 emplastrum

151 2089 359 2151 haereat,
409 2090 557 2136 donec
601 2097 864 2150 persanent.
939 2090 1070 2137 Lotio
1118 2090 1253 2137 suillo
1298 2091 1452 2138 locum
1497 2093 1742 2152 inguinum
1776 2100 1831 2137 44

153 2159 385 2206 dolentem
434 2159 626 2206 adsidue
671 2174 914 2220 perungue
960 2167 1040 2206 aut
1084 2175 1191 2207 cum
1240 2175 1294 2207 eo
1340 2161 1490 2207 lanam
1537 2161 1743 2207 sucidam

89 2240 129 2271 30
154 2229 353 2291 adpone,
401 2230 555 2275 statim
600 2229 861 2276 medebere.
929 2230 1180 2277 Muliebres
1226 2229 1379 2291 capilli
1425 2230 1658 2277 combusti
1700 2238 1746 2277 et
1775 2237 1829 2277 45

153 2300 342 2345 contriti
386 2306 524 2359 atque
570 2298 691 2344 inliti
735 2313 841 2345 cum
886 2301 992 2345 vino
1038 2306 1117 2346 aut
1162 2314 1268 2346 cum
1307 2305 1436 2346 aceto
1475 2299 1746 2360 inguinibus

153 2368 412 2414 medentur.
472 2367 726 2414 Menstruis
763 2368 1071 2415 muliebribus
1109 2371 1298 2430 inguina
1337 2369 1539 2415 dolentia
1571 2370 1641 2415 vel
1672 2376 1744 2416 tu-
1775 2378 1829 2417 46

152 2439 324 2484 mentia
370 2439 410 2484 si
454 2439 808 2499 contingantur,
856 2440 1011 2485 statim
1061 2441 1213 2485 sanari
1258 2439 1528 2485 creduntur.
1603 2438 1742 2485 Talus
1774 2447 1826 2485 47

154 2505 354 2553 bubulus
393 2506 663 2553 combustus
702 2509 935 2568 tritusque
974 2508 1153 2555 adiecto
1186 2508 1319 2554 melle
1351 2508 1512 2554 inlitus
1543 2510 1742 2569 inguini-

91 2586 131 2618 35
154 2575 242 2622 bus
281 2575 543 2623 dolentibus
575 2576 653 2622 'vel
685 2577 973 2623 tumentibus
1004 2578 1206 2638 prodest.
1266 2577 1461 2638 Inguina
1491 2578 1667 2624 tumida
1698 2586 1744 2625 et
1774 2587 1827 2625 48

154 2645 356 2691 dolentia
395 2645 597 2708 sanabiS,
637 2648 675 2692 si
713 2649 813 2707 ipso
852 2656 1034 2694 veretro
1074 2647 1319 2709 denudato,
1357 2647 1403 2694 id
1443 2653 1514 2694 est
1550 2648 1743 2694 reducta

153 2714 384 2778 pellicula,
422 2715 612 2762 adsidue
651 2730 702 2762 ea
742 2718 994 2777 contigeris
1034 2717 1104 2763 vel
1142 2717 1481 2777 perfricaveris.

1406 2796 1493 2836 22*
