1898 3016
126 473 178 510 32

126 694 178 732 33

125 1036 179 1074 34

124 1314 178 1352 35

121 1801 173 1839 36

119 2357 169 2394 37

830 67 1220 118 --32—w

210 211 295 258 per
347 196 546 242 mediam
597 196 797 242 frontem
850 203 896 242 et
949 202 1148 257 utraque
1199 202 1409 257 tempora
1464 197 1801 261 circumdetur3

209 265 329 312 bene
368 265 478 312 facit
515 271 562 312 et
598 266 856 312 fomentum
893 280 978 326 per
1012 266 1229 326 spongias
1259 265 1421 312 molles
1451 280 1596 328 aquae
1628 266 1801 314 calidae

211 335 417 382 decoctis
454 337 503 381 in
541 350 592 382 ea
631 337 762 396 prius
800 335 920 382 lauri
956 335 1079 381 foliis
1115 341 1162 382 et
1191 335 1422 396 capitibus
1451 338 1694 398 papaveris
1725 337 1802 384 ad-

211 404 413 451 hibitum
458 412 504 452 et
548 407 708 452 unctio
754 406 895 468 capiti
939 405 1058 451 facta
1103 419 1158 451 ex
1204 404 1325 452 foliis
1371 405 1490 452 lauri
1527 412 1574 453 et
1612 408 1718 468 agni
1755 413 1802 453 et

209 474 370 535 populi
399 476 523 521 tritis
555 489 662 521 cum
691 481 822 521 aceto
861 480 907 520 et
944 474 1059 521 oleo.
1117 474 1185 521 Ad
1219 474 1389 537 ulcera,
1421 489 1538 536 quae
1569 477 1618 522 in
1650 477 1800 536 capite
1823 489 1844 521 5

210 544 520 591 effervescunt
564 559 671 590 cum
716 546 894 591 umoris
931 546 1221 607 manatione,
1266 545 1458 606 prodest
1495 560 1613 606 aqua
1654 545 1802 592 calida

209 613 280 660 bis
318 621 447 660 terve
486 613 561 660 die
598 628 683 675 per
721 615 962 675 spongiam
993 615 1178 675 saepius
1209 628 1351 675 super
1379 614 1538 661 ulcera
1568 629 1800 676 expressa,

210 683 334 744 quod
355 683 519 730 Graeci
544 683 818 730 catantlesin
841 683 1086 745 appellant.
1130 683 1469 731 Perunctiones
1493 691 1661 747 autem,
1686 698 1801 746 quas

210 752 376 799 Graeci
406 753 743 814 synchrismata
773 759 952 814 vocant,
991 760 1037 800 et
1068 768 1134 816 ea,
1165 768 1282 814 quae
1318 755 1612 814 superposita
1644 754 1800 801 dolen-

208 822 334 869 tibus
372 825 583 884 partibus
621 823 744 869 idem
783 823 1108 884 cataplasmata
1146 822 1391 885 appellant,
1430 824 1658 870 eiusmodi
1694 838 1799 885 pro·
1824 837 1864 867 10

209 898 339 939 sunt:
377 892 503 939 Folia
539 892 693 939 salicis
731 907 787 939 ex
825 907 942 954 aqua
972 894 1083 939 trita
1114 899 1194 939 aut
1223 894 1330 940 vitis
1361 892 1490 940 albae
1520 893 1651 940 radix
1683 908 1801 955 aqua

207 977 325 1023 pura
356 970 488 1009 cocta
518 969 597 1008 aut
626 962 845 1009 lenticula
878 977 934 1008 ex
965 977 1082 1023 aqua
1113 968 1244 1009 cocta
1274 968 1355 1009 aut
1384 965 1596 1024 asparagi
1618 963 1800 1010 radices

209 1046 264 1077 ex
294 1032 430 1078 melle
462 1038 633 1079 coctae.
697 1032 766 1078 Ad
805 1034 971 1093 capitis
1009 1031 1216 1078 dolorem
1255 1032 1362 1079 folia
1398 1032 1519 1079 lauri
1555 1033 1627 1079 vel
1663 1032 1800 1079 bacas

206 1101 278 1147 vel
316 1101 478 1148 florem
516 1108 671 1148 terere
709 1108 894 1162 oportet
931 1116 1038 1148 cum
1076 1107 1206 1148 aceto
1245 1108 1291 1148 et
1319 1103 1492 1148 irinum
1525 1102 1678 1149 oleum
1707 1102 1801 1149 illic
1875 1146 1878 1149 ,

207 1170 466 1218 admiscere
512 1178 651 1232 atque
695 1173 759 1217 ita
797 1177 938 1232 caput
973 1185 1206 1232 naresque
1242 1183 1518 1232 perungere.
1587 1171 1718 1218 Facit
1756 1178 1803 1218 et
1825 1183 1864 1215 15

206 1240 339 1287 iridis
384 1241 515 1287 radix
553 1255 660 1287 cum
697 1239 817 1286 malo
856 1240 1063 1302 cydoneo
1102 1246 1235 1287 cocto
1273 1255 1330 1287 ex
1367 1255 1484 1302 aqua
1520 1243 1696 1302 pariter
1731 1243 1799 1288 in·

207 1311 372 1371 posita.
459 1310 527 1356 Ad
573 1325 758 1356 omnem
804 1312 969 1372 capitis
1016 1309 1223 1356 dolorem
1267 1311 1390 1356 inter
1434 1311 1566 1358 initia
1602 1317 1800 1372 prosunt

207 1394 353 1441 aquae
398 1380 730 1440 refrigerantes
775 1386 822 1426 et
866 1379 1101 1441 repellunt
1145 1394 1271 1442 eum,
1316 1380 1552 1427 interdum
1597 1381 1799 1427 admixto

206 1464 326 1510 pane
378 1449 450 1496 vel
501 1450 716 1510 polentae
767 1449 939 1510 polline
991 1464 1244 1510 consparso
1296 1456 1440 1496 aceto.
1514 1449 1800 1511 Plantaginis

207 1533 393 1580 quoque
432 1534 574 1566 sucus
613 1525 659 1565 et
697 1519 804 1565 rubi
841 1526 920 1566 aut
956 1518 1141 1565 lentisci
1171 1526 1251 1565 aut
1281 1518 1487 1565 milefolii
1517 1526 1597 1566 aut
1626 1519 1798 1566 herbae
1821 1532 1861 1563 20

205 1588 461 1635 urceolaris
500 1595 580 1635 aut
616 1588 731 1635 rhus
771 1589 949 1650 Syriaci
986 1595 1065 1635 aut
1102 1590 1291 1651 maciae‚
1329 1603 1467 1650 quam
1498 1588 1664 1636 Graeci
1694 1603 1797 1636 ana-

205 1657 370 1719 gallida
423 1658 676 1720 appellant,
726 1660 837 1704 item
891 1664 1073 1704 mentae
1127 1672 1268 1704 sucus
1313 1658 1385 1705 vel
1428 1658 1685 1705 intiborum
1728 1658 1799 1705 vel

203 1730 344 1789 myrti
375 1727 446 1774 vel
477 1728 717 1790 staphidos
747 1729 902 1788 agriae
931 1727 1114 1774 infusus
1146 1729 1287 1788 capiti
1316 1727 1569 1789 plurimum
1593 1728 1797 1789 prodest.

203 1797 273 1844 Ad
318 1797 524 1844 diutinos
570 1799 735 1859 capitis
773 1797 957 1844 dolores
994 1797 1187 1859 prodest
1223 1797 1431 1844 infusum
1469 1799 1609 1858 capiti
1646 1798 1799 1844 oleum

204 1873 336 1914 vetus
375 1869 620 1929 cyprinum
658 1867 730 1914 vel
766 1869 942 1914 irinum
979 1881 1084 1913 cum
1123 1867 1407 1929 peucedano,
1445 1867 1720 1929 sphondylio
1752 1874 1798 1914 et
1821 1887 1861 1918 25

203 1943 428 1984 castoreo.
488 1937 655 1999 Inponi
685 1943 840 1984 autem
871 1938 1028 1983 statim
1058 1942 1244 1997 oportet
1273 1936 1357 1983 lini
1387 1938 1578 1983 seminis
1602 1938 1795 1983 farinam

203 2014 249 2053 et
284 2007 568 2053 hordiaciam
606 2009 653 2053 in
692 2021 837 2053 unum
870 2012 1050 2053 coctam
1080 2021 1136 2053 ex
1165 2020 1326 2069 posca;
1357 2006 1437 2052 sed
1468 2013 1629 2067 postea
1658 2007 1795 2068 prod-

203 2083 273 2123 est
310 2078 566 2137 inpositum
604 2083 816 2123 cerotum
860 2091 915 2122 ex
953 2078 1144 2138 cyprino
1183 2075 1283 2122 oleo
1321 2076 1494 2122 factum
1532 2090 1639 2123 cum
1676 2083 1793 2123 ruta.

201 2145 318 2192 Item
361 2145 480 2192 bene
518 2146 628 2192 facit
666 2153 878 2192 cerotum
916 2160 972 2192 ex
1008 2147 1128 2192 irino
1167 2151 1246 2192 aut
1285 2145 1510 2207 Syriatico
1548 2145 1648 2192 oleo
1687 2160 1794 2192 cum

201 2214 384 2278 butyro,
419 2215 668 2262 dummodo
701 2216 919 2262 calefacto
950 2215 1255 2262 medicamine
1287 2222 1424 2276 caput
1456 2222 1792 2276 perunguatur.
1816 2235 1856 2266 30

203 2284 508 2346 Opobalsamo
533 2292 689 2332 autem
713 2300 820 2333 cum
845 2285 1048 2346 serpullo
1072 2292 1118 2331 et
1141 2299 1246 2331 rosa
1268 2284 1339 2330 vel
1362 2284 1631 2345 peucedano
1655 2285 1791 2346 prod-

202 2362 272 2401 est
303 2357 442 2402 etiam
473 2355 754 2416 lethargicos
783 2356 994 2417 perungi.
1053 2354 1120 2400 Ad
1159 2368 1344 2400 omnem
1382 2355 1547 2415 capitis
1586 2354 1792 2401 dolorem

317 2492 338 2528 1
384 2502 463 2542 per
493 2502 673 2532 erasum.
733 2488 976 2530 circumdet
1004 2488 1137 2530 erasis
1165 2502 1217 2529 ur
1246 2488 1409 2530 litteris.
1470 2492 1494 2529 2
1526 2500 1604 2541 per
1626 2487 1792 2530 fomen-

200 2544 308 2586 tum.
390 2557 506 2596 aqua,
535 2545 677 2586 calide
707 2548 783 2586 lm
813 2557 851 2587 a.
883 2542 1027 2586 calida
1056 2545 1148 2586 2m.
1229 2547 1255 2584 4
1284 2542 1432 2597 hagni.
1514 2549 1538 2585 6
1569 2543 1792 2586 hecferve·

200 2600 339 2642 scunt.
400 2604 422 2641 7
456 2599 732 2653 sphongiam.
793 2604 818 2641 8
842 2599 1148 2641 cantantiasin.
1210 2603 1259 2640 12
1283 2611 1393 2652 puro
1418 2600 1543 2641 coeto
1602 2600 1789 2652 asparai.

203 2658 254 2696 19
285 2667 532 2708 consparsa.
590 2660 641 2697 21
675 2655 878 2709 sii-iachy.
937 2654 1115 2697 meciae.
1174 2658 1226 2696 23
1257 2654 1407 2708 myrti]
1434 2654 1582 2697 musci.
1644 2660 1695 2697 27
1721 2669 1792 2698 or—

201 2710 395 2753 diatiam.
457 2712 694 2754 excoctam.
754 2716 806 2753 29
839 2710 1066 2763 syriacinO.
1127 2715 1180 2752 30
1211 2723 1293 2753 con
1322 2710 1492 2753 butero.
