1898 3016
798 105 1098 154 -6-

148 246 266 294 quae
290 238 470 294 septem
500 232 571 279 vel
601 231 827 294 plusculis
852 231 1018 280 diebus
1042 240 1318 282 maceratur.
1355 234 1420 281 De
1445 250 1536 296 quo
1560 236 1740 298 liquore

146 302 446 364 postmodum
491 303 718 363 coagitato
764 308 903 364 atque
948 302 1096 350 colato
1144 304 1301 366 tepido
1348 304 1559 352 heminae
1607 306 1739 354 dimi-

147 372 277 419 dium
315 377 395 419 aut
433 372 703 434 ampliorem
742 373 931 419 modum
962 375 1243 434 gargarizari
1273 381 1458 435 oportet
1488 376 1561 422 die
1593 376 1739 423 calido

146 441 219 488 vel
257 439 438 506 sereno,
475 444 539 489 ita
576 449 628 489 ut
665 444 935 504 resupinato
975 457 1055 490 ore
1093 443 1306 491 faucibus
1340 444 1493 506 liquor
1524 445 1600 492 ille
1633 461 1740 493 con-

145 513 351 559 tineatur
396 512 733 573 aliquantulum
779 518 825 559 et
870 514 1071 573 agitetur
1115 513 1290 560 alterna
1326 516 1426 561 vice
1463 515 1604 577 idque
1643 531 1739 563 sae·
1762 530 1782 560 5

145 583 251 643 pius
296 583 395 644 fiat,
442 582 591 629 donec
634 582 848 629 heminae
894 582 1136 629 dimidium
1185 590 1487 631 consumatur
1525 585 1596 632 vel
1634 601 1741 633 cum

143 651 360 713 flegmate
389 653 662 713 proiciatur.
702 652 793 699 Sed
823 652 936 699 haec
967 653 1123 699 ieiuno
1154 653 1413 702 adhibenda
1444 657 1623 701 curatio
1655 662 1739 717 est,

145 736 235 783 qua
272 721 398 768 nulla
431 723 573 783 capiti
601 722 748 769 levior
778 728 859 768 aut
888 722 1175 769 commodior
1204 726 1480 785 reperietur.
1540 724 1638 771 Hoc
1669 740 1739 772 re·

143 791 350 838 medium
397 793 478 853 qui
522 792 780 853 neglexerit
825 797 870 838 et
907 792 1094 839 indiciis
1132 807 1270 854 supra
1310 796 1496 855 scriptis
1534 809 1627 840 non
1665 809 1738 842 oc-

143 863 362 924 currerit,
399 875 593 908 necesse
631 868 703 909 est
740 863 910 909 sentiat
947 868 1026 908 aut
1061 862 1303 910 oculorum
1333 865 1443 910 vitia
1472 870 1552 911 aut
1581 864 1738 911 ulcera
1762 879 1801 908 10

142 933 271 978 intus
309 931 501 978 auribus
540 933 832 993 erumpentia
868 939 948 979 aut
978 938 1180 979 strumas
1211 935 1258 979 in
1290 934 1491 980 confinio
1523 933 1630 980 colli
1660 942 1739 981 aut

142 1001 308 1062 pulsus
346 1001 531 1048 cerebri
567 1008 648 1049 aut
684 1003 1035 1049 suffocationem
1067 1008 1146 1048 aut
1177 1004 1301 1049 circa
1331 1009 1493 1063 guttur
1523 1005 1738 1064 angInam

143 1077 224 1118 aut
253 1085 368 1118 uvae
401 1071 774 1130 destillationem,
806 1071 1045 1132 glandulas
1077 1086 1264 1133 quoque
1287 1074 1491 1133 patietur
1515 1081 1561 1120 et
1586 1073 1737 1120 tabem

142 1140 391 1188 fluentium
422 1140 697 1202 capillorum
728 1148 775 1188 et
804 1141 963 1188 ulcera
991 1156 1076 1202 per
1112 1149 1252 1202 caput
1282 1142 1630 1189 effervescentia
1660 1143 1738 1189 do·

142 1209 384 1272 loremque
422 1210 631 1258 dentium
670 1211 969 1259 creberrime.
1001 1211 1143 1266 >Quod
1182 1213 1220 1258 si
1258 1226 1283 1257 a
1318 1218 1508 1272 pectore
1546 1212 1739 1260 morbus
1763 1226 1801 1257 15

142 1281 360 1343 minatur,
399 1281 481 1341 qui
518 1295 621 1327 esse
660 1281 857 1340 simplex
894 1288 940 1327 et
977 1294 1071 1327 non
1101 1280 1466 1328 violentissimus
1497 1281 1627 1345 solet,
1664 1283 1737 1330 his

142 1351 460 1411 praesentitur
490 1349 689 1397 indiciis.
738 1350 950 1396 Primum
980 1352 1185 1412 pectoris
1217 1351 1361 1397 sudor
1384 1352 1575 1398 intimus
1599 1359 1736 1399 testa-

141 1428 221 1467 tur
257 1426 439 1467 aestum
477 1420 705 1467 stomachi
741 1419 1015 1483 laborantis,
1055 1421 1187 1481 splen
1218 1423 1308 1467 erit
1340 1422 1471 1482 quasi
1503 1421 1738 1469 distensus

143 1497 190 1536 et
214 1491 438 1552 eminens,
464 1496 757 1551 sputamenta
782 1489 941 1552 fellita,
964 1491 1179 1551 scapulae
1204 1506 1310 1538 cum
1333 1490 1557 1537 lateribus
1581 1506 1736 1552 grava-

142 1559 320 1607 buntur
365 1567 411 1607 et
454 1561 692 1620 inproviso
739 1559 897 1607 dolore
943 1567 1256 1623 marcescent,
1306 1560 1525 1607 adsiduae
1574 1563 1738 1608 oscita-
1762 1574 1803 1604 20

143 1631 295 1676 tiones
334 1644 415 1676 ora
453 1629 696 1692 diducent,
734 1632 1014 1692 inportunae
1052 1630 1233 1692 vigiliae
1271 1644 1460 1678 somnos
1497 1630 1739 1694 fugabunt,

143 1705 322 1747 artatus
361 1701 555 1761 spiritus
595 1701 674 1747 siti
711 1707 942 1747 nocturna
974 1702 1170 1748 maxime
1200 1701 1480 1762 inardescet,
1519 1715 1737 1762 experge-

142 1769 278 1816 factis
315 1783 448 1816 mens
487 1771 577 1816 erit
606 1772 756 1816 tristis
788 1777 835 1817 et
858 1770 1030 1833 nubila,
1054 1776 1162 1832 post
1186 1785 1403 1832 soporem
1426 1772 1568 1817 totius
1592 1785 1737 1832 paene

143 1841 355 1901 corporis
391 1839 570 1903 pulsus,
609 1846 785 1887 tremor
822 1843 870 1888 in
908 1840 1111 1888 brachiis
1149 1841 1220 1887 vel
1256 1843 1306 1888 in
1342 1839 1577 1903 manibus,
1616 1842 1737 1887 sicca

143 1912 283 1956 etiam
320 1911 463 1956 tussis
503 1912 681 1971 quatiet
713 1911 963 1958 infirmum.
1020 1909 1103 1958 His
1134 1913 1278 1972 igitur
1309 1913 1543 1972 sapienter
1574 1925 1733 1957 oecur—
1759 1922 1799 1952 25

143 1981 279 2042 ritur,
317 1981 358 2026 si
394 1981 686 2027 consuetudo
723 1982 803 2028 fiat
841 1983 940 2027 sine
978 1981 1072 2028 ullo
1103 1981 1407 2028 medicamine
1438 1985 1544 2040 post
1575 1994 1736 2026 cenam

142 2049 372 2096 vomendi.
438 2049 560 2096 Utile
605 2057 760 2097 autem
799 2058 870 2098 est
907 2053 1046 2098 etiam
1083 2053 1293 2098 ieiunum
1337 2064 1544 2112 vomere,
1593 2051 1736 2110 magis

143 2121 268 2166 enim
298 2134 434 2166 umor
465 2122 646 2182 noxiuS,
679 2122 759 2182 qui
790 2122 1027 2168 stomacho
1058 2122 1286 2183 insiderit,
1310 2122 1529 2180 egeritur.
1574 2119 1734 2180 Itaque

143 2191 225 2250 qui
262 2203 395 2236 mane
434 2192 695 2237 vomiturus
734 2197 826 2253 est,
872 2191 1010 2238 debet
1053 2192 1316 2237 minutatim
1361 2190 1509 2236 rafani
1552 2188 1735 2235 radices

142 2259 425 2306 manducare
450 2274 621 2322 easque
645 2260 714 2307 vel
741 2275 905 2307 sucum
929 2274 1089 2307 earum
1112 2261 1443 2321 transmittere,
1468 2258 1734 2305 cardamum
1758 2270 1799 2301 30

143 2343 344 2392 quoque,
373 2329 419 2376 id
445 2336 516 2377 est
539 2332 844 2393 nasturcium,
869 2331 950 2376 sed
975 2337 1020 2377 et
1044 2331 1193 2391 sinapi
1223 2335 1269 2376 et
1293 2343 1481 2376 erucam
1511 2328 1734 2374 devorare

144 2405 190 2444 et
227 2413 394 2460 aquam
433 2400 599 2447 deinde
638 2400 841 2461 tepidam
879 2399 1183 2461 superbibere
1229 2405 1275 2446 et
1321 2399 1464 2459 digito
1510 2399 1734 2444 vomitum

142 2483 412 2529 provocare.
467 2469 556 2524 Qui
594 2472 683 2517 ista
713 2471 1063 2532 contempserit,
1100 2471 1191 2515 erit
1227 2468 1299 2515 his
1330 2468 1559 2514 obnoxius
1589 2469 1733 2514 vitiis:

258 2593 279 2630 1
314 2591 384 2632 vel
413 2602 491 2632 om.
608 2595 631 2631 2
662 2590 826 2643 tepide.
928 2590 1110 2631 eminae.
1213 2595 1237 2631 3
1269 2589 1471 2642 amplius.
1579 2592 1602 2630 7
1633 2587 1732 2630 fleo-

141 2644 271 2686 mate.
403 2649 457 2688 20
487 2646 752 2688 marciscenb
784 2650 859 2687 Im
887 2646 1160 2687 marcescent
1188 2648 1279 2688 2m.
1417 2648 1468 2685 21
1501 2643 1732 2685 deducunt.

143 2704 196 2741 22
228 2701 303 2742 siti
333 2705 408 2743 Im
438 2700 535 2743 sitis
566 2706 658 2744 2272.
755 2700 1004 2743 inardescit.
1113 2705 1165 2743 28
1196 2713 1322 2742 umor
1351 2705 1374 2742 1
1385 2714 1426 2742 m
1454 2700 1612 2740 humor
1641 2703 1733 2742 2m.

142 2755 346 2799 insiderit
374 2762 451 2800 Im
481 2756 694 2799 insederit
722 2760 813 2800 2212.
929 2761 979 2798 31
1013 2758 1177 2811 sinape.
