1930 3008
158 670 208 708 17

158 1157 210 1195 18

159 1366 208 1404 19

157 1714 211 1752 20

160 2410 213 2447 21

852 79 1287 165 -370—'

237 241 469 288 avellanae
515 242 881 303 magnitudinem
926 258 982 289 ex
1028 243 1212 290 duobus
1259 244 1437 306 cyathis
1475 259 1620 306 aquae
1658 244 1831 292 calidae

239 311 385 374 dabis,
423 313 720 372 componitur
758 314 844 360 sic:
890 313 1170 359 Petroselini
1207 313 1451 360 drachmas
1488 313 1551 375 11,
1593 316 1834 362 centaurei
1884 371 1892 378 ,

239 381 483 428 drachmas
520 381 581 443 ΙΙ,
618 381 845 428 marrubii
890 382 1156 429 drachmam
1193 382 1233 445 Ι,
1280 383 1451 430 scordii
1495 383 1762 430 drachmam
1798 383 1831 431 Ι.

238 450 428 497 Tundes
465 451 579 497 haec
618 458 664 497 et
701 451 930 498 cribrabis
969 458 1015 498 et
1054 453 1102 498 in
1132 452 1372 513 pulverem
1404 455 1731 500 tenuissimum
1762 468 1833 500 re-

238 520 370 567 dacta
415 521 689 582 despumato
736 520 870 568 melle
915 521 1125 585 colliges,
1176 529 1229 569 ut
1282 524 1487 583 spissum
1531 524 1592 570 sit
1635 522 1875 570 medica-5

240 597 465 653 mentum,
502 596 550 636 et
586 590 826 637 recondes.

381 659 450 706 Ad
494 659 747 721 podagram
792 660 998 707 subitum
1044 668 1091 708 et
1128 661 1261 708 facile
1298 662 1558 709 remedium
1595 663 1684 709 sic:
1727 662 1833 709 Alu-

239 743 344 775 men
357 766 371 791 7
424 735 632 787 acetum,
684 729 847 776 lotium
900 730 1155 777 humanum
1205 737 1337 778 vetus
1389 733 1550 793 aequis
1603 733 1834 778 mensuris

239 801 471 860 permisce
517 805 656 860 atque
701 799 817 846 adde
863 814 997 846 cerae
1034 800 1082 847 P.
1114 800 1152 864 Ι,
1199 803 1294 862 opii
1328 827 1397 833 —-
1427 801 1467 864 l,
1511 801 1643 848 lactis
1681 803 1835 848 canini

242 870 427 915 unciam
458 868 491 931 Ι,
529 883 663 915 rosae
701 871 852 915 siccae
891 872 1076 916 unciam
1105 871 1137 917 Ι.
1201 870 1368 932 Opium
1409 877 1455 918 et
1490 871 1560 917 lac
1598 877 1645 917 et
1680 885 1835 917 rosam
1858 883 1874 913 1

241 944 367 985 teres
405 940 453 984 in
490 939 734 1000 mortari0,
773 953 927 985 ceram
966 955 1076 986 vero
1114 941 1384 1001 liquefacies
1424 946 1470 987 et
1507 940 1645 987 simul
1682 942 1835 987 omnia

241 1007 547 1069 permiscebis
600 1014 738 1069 atque
783 1009 890 1055 inde
934 1010 1077 1070 pedes
1123 1010 1292 1056 inlines
1337 1016 1383 1056 et
1427 1010 1534 1056 folia
1578 1010 1711 1057 hetae
1757 1017 1836 1057 aut

240 1077 450 1124 lactucae
489 1078 692 1138 desuper
729 1077 951 1138 alligabis.

381 1147 450 1193 Ad
488 1147 719 1207 podagrae
758 1147 967 1194 subitum
998 1148 1205 1195 dolorem
1236 1148 1495 1195 remedium
1528 1150 1615 1196 sic:
1653 1148 1833 1196 Calcem

241 1216 394 1262 denuo
426 1231 600 1277 coques
633 1222 680 1262 et
709 1222 835 1263 teres
865 1217 1131 1279 adiciesque
1162 1233 1384 1280 oesypum
1417 1226 1463 1266 et
1493 1233 1645 1265 rosam
1677 1220 1834 1265 tritam
1859 1231 1897 1264 ιε

241 1291 288 1332 et
325 1285 382 1332 de
420 1287 664 1347 permixtis
701 1287 845 1347 pedes
882 1302 1167 1349 perungues.

381 1355 562 1402 Phlomi
599 1358 760 1402 uncias
795 1362 907 1419 tres,
943 1359 1147 1404 rumicis*
1169 1359 1331 1404 uncias
1361 1363 1472 1421 tres,
1510 1358 1644 1405 ibisci
1675 1359 1837 1405 uncias

240 1431 352 1487 tres,
383 1425 651 1487 cyclaminis
682 1428 844 1473 uncias
875 1434 985 1487 tres,
1015 1442 1198 1489 myrrae
1229 1435 1393 1474 tunsae
1425 1429 1608 1474 unciam
1633 1427 1666 1474 I.
1703 1427 1837 1473 Phlo-

242 1509 370 1542 mum
413 1495 559 1541 moles
604 1502 651 1542 et
689 1495 836 1558 diceS,
883 1497 1102 1558 quamdiu
1147 1497 1314 1545 moles:
1361 1497 1602 1544 Summum
1642 1496 1836 1559 caelum,

240 1566 331 1611 ima
348 1570 488 1627 terra,
514 1565 715 1611 medium
741 1566 1143 1613 medicamentum.
1174 1567 1349 1613 Deinde
1375 1567 1514 1613 simul
1530 1568 1684 1614 omnia
1704 1572 1835 1613 cocta
1858 1578 1876 1609 2

242 1633 415 1681 colabis
454 1641 500 1680 et
539 1649 594 1680 ex
631 1635 705 1681 his
742 1636 886 1696 pedes
923 1651 1030 1683 cum
1069 1651 1186 1697 opus
1223 1637 1364 1683 fuerit
1405 1636 1694 1698 perfricabis.

386 1704 455 1750 Ad
499 1704 748 1765 podagram
795 1707 1053 1753 remedium
1099 1707 1156 1753 de
1201 1708 1519 1768 experimento
1558 1708 1644 1753 sic:
1699 1705 1836 1767 Sper-

243 1775 438 1820 maticae
477 1774 720 1820 drachmas
766 1781 1006 1837 quattuor,
1051 1776 1133 1822 lini
1178 1777 1369 1822 seminis
1415 1775 1660 1822 drachmas
1706 1782 1836 1836 quat-

242 1850 373 1906 tuor,
419 1858 587 1890 erucae
634 1846 825 1892 seminis
871 1846 1114 1892 drachmas
1161 1851 1401 1907 quattuor,
1445 1846 1637 1892 schoeni
1674 1844 1836 1891 drach-

244 1927 341 1959 mas
371 1912 435 1975 11,
484 1915 687 1960 castorei
723 1915 966 1961 drachmas
996 1915 1056 1978 ΙΙ,
1103 1930 1284 1977 myrrae
1323 1915 1566 1962 drachmas
1598 1914 1658 1977 ΙΙ,
1703 1914 1836 1961 nardi
1858 1927 1878 1958 2

245 1984 399 2043 spicae
438 1982 682 2030 drachmas
715 1984 776 2048 ΙΙ,
821 1986 1022 2046 gummis
1058 1985 1320 2046 Aethiopici
1357 1985 1600 2031 drachmas
1630 1984 1691 2047 11,
1729 1984 1838 2031 salis

245 2052 489 2099 drachmas
534 2052 595 2115 ΙΙ,
647 2055 823 2115 piperis
872 2054 998 2115 longi
1041 2054 1306 2101 drachmam
1352 2069 1511 2117 unam,
1563 2053 1836 2100 nucleorum

242 2123 491 2184 pineorum
522 2122 765 2169 drachmas
796 2123 911 2186 VIII,
950 2126 1179 2171 satureiae
1212 2125 1454 2171 drachmas
1485 2138 1662 2170 novem.
1713 2122 1837 2169 Haec

243 2193 397 2239 omnia
434 2198 572 2238 tunsa
610 2193 813 2240 cribrata
852 2200 897 2240 et
934 2195 982 2240 in
1019 2194 1259 2255 pulverem
1291 2195 1619 2240 tenuissimum
1650 2192 1838 2239 redacta

243 2263 447 2322 tritaque
478 2263 526 2307 in
558 2277 703 2308 unum
734 2263 1039 2324 permiscehis
1070 2272 1116 2310 et
1146 2279 1201 2310 ex
1233 2279 1287 2310 eo
1319 2263 1585 2309 drachmam
1616 2277 1756 2309 unam
1780 2261 1835 2309 ad
1859 2275 1878 2306 a

245 2331 367 2377 diem
404 2332 561 2378 ieiuno
599 2334 646 2378 in
683 2335 872 2392 potione
911 2348 967 2380 ex
1003 2335 1099 2379 vini
1137 2333 1301 2395 cyatho
1339 2339 1591 2394 temperata
1630 2331 1773 2378 dabis,

387 2400 607 2447 Sambuci
638 2402 758 2463 folia,
790 2417 896 2449 cum
927 2404 1128 2464 primum
1160 2402 1434 2464 procedunt,
1466 2402 1519 2448 ad
1551 2401 1715 2448 libram
1748 2400 1838 2448 col-

243 2469 359 2530 liges
398 2476 443 2516 et
481 2477 629 2533 teres,
673 2471 952 2533 plantaginis
990 2488 1174 2534 quoque
1212 2472 1415 2518 radicem
1453 2471 1509 2517 ad
1546 2471 1710 2517 libram
1748 2469 1838 2517 col-

245 2538 361 2599 liges
399 2546 446 2585 et
483 2541 744 2587 contundes
783 2548 829 2588 et
867 2544 1092 2603 axungiae
1131 2543 1300 2588 veteris
1338 2540 1503 2586 libram
1540 2540 1762 2601 purgabis
1794 2546 1839 2586 et

245 2609 503 2655 contundes
547 2615 594 2656 et
629 2617 790 2671 postea
821 2612 959 2658 simul
990 2614 1143 2658 omnia
1174 2611 1360 2671 subiges
1391 2616 1530 2671 atque
1561 2610 1668 2656 inde
1695 2610 1838 2671 pedes
1861 2622 1894 2653 δε

244 2677 413 2724 inlines
452 2685 498 2725 et
529 2680 674 2726 caulis
705 2681 867 2727 folium
899 2695 1201 2742 superpones,
1240 2680 1485 2726 confestim
1515 2694 1737 2741 praesens
1767 2693 1837 2725 re-

243 2747 451 2793 medium
490 2748 544 2794 ad
585 2750 833 2796 sedandam
871 2752 1120 2812 podagram
1160 2751 1414 2811 experiere.
