1930 3008
817 98 1192 147 —362—-

125 231 174 268 11
346 222 413 268 Ad
445 221 660 269 morbum
692 224 987 271 articularem
1020 227 1108 272 sic:
1146 223 1323 285 Piperis
1346 239 1495 284 grana·
1512 224 1648 288 VIIII,
1679 227 1798 273 iuni-

206 292 310 353 peri
339 306 480 353 grana
512 291 648 350 Vllll,
682 294 872 340 feniculi
903 296 1201 356 semunciam,
1239 293 1389 340 mellis
1421 295 1635 355 cyathum
1665 295 1705 358 13
1743 310 1799 342 ex
1867 349 1871 354 .

206 363 302 407 vini
338 363 527 423 potione
565 362 680 409 haec
719 378 825 409 cum
864 366 1016 410 omnia
1055 364 1173 410 bene
1211 365 1398 410 triveris
1437 369 1484 410 et
1515 367 1797 425 permiscue-

206 433 286 494 ris,
324 433 372 477 in
411 431 526 478 solio
563 431 716 479 balnei
754 433 901 479 calido
940 433 1139 480 bibenda
1178 433 1322 480 dabis.

125 511 176 548 12
349 500 587 548 Confectio
627 502 964 566 medicaminis,
1010 503 1133 564 quod
1176 503 1286 549 facit
1323 503 1377 549 ad
1417 518 1577 550 omnes
1615 504 1798 551 dolores
1821 515 1872 554 5'

207 576 253 617 et
298 570 352 617 ad
399 585 560 617 omnes
605 577 815 618 tumores
859 587 1111 619 nervorum
1149 580 1196 618 et
1236 572 1552 619 membrorum
1591 575 1799 621 omnium

205 639 278 687 vel
315 640 610 704 conlisiones,
649 643 744 687 sive
783 642 964 689 fervore
1003 644 1098 689 sive
1138 644 1310 703 frigore
1348 642 1524 689 fuerint
1560 645 1799 707 excitatae,

205 712 456 772 praecipue
502 716 655 757 autem
703 711 813 758 facit
856 712 911 758 ad
958 712 1160 759 faucium
1207 719 1438 758 tumorem
1486 720 1532 759 et
1577 712 1799 775 dolorem,

205 782 287 840 qui
326 780 499 826 Graece
538 781 710 827 dicitur
746 781 1033 842 paristhmia,
1071 782 1318 829 conficitur
1355 785 1443 829 sic:
1482 782 1588 829 Sevi
1625 784 1799 829 taurini

205 850 286 896 sed
326 852 426 895 veri
455 849 502 896 P.
534 865 693 911 unum,
733 853 829 897 sevi
867 854 1100 898 vervecini
1133 854 1337 898 recentis
1373 856 1431 884 ÷
1465 852 1541 915 111,
1579 854 1674 899 sevi
1704 853 1797 898 hir·
1822 870 1862 901 10

205 921 300 966 cini
330 921 535 966 recentis
567 945 634 952 -
665 919 736 982 Vl,
771 923 991 981 porcinae
1023 923 1248 982 axungiae
1279 923 1482 968 recentis
1514 921 1560 968 P.
1592 922 1625 985 Ι,
1663 937 1798 969 cerae

205 989 379 1036 nitidae
410 989 457 1036 P.
489 989 522 1051 Ι,
560 991 742 1036 resinae
774 991 948 1037 nitidae
979 990 1026 1037 P.
1057 991 1090 1038 Ι.
1144 990 1314 1037 Sevum
1345 991 1417 1037 vel
1447 991 1628 1052 adipem
1659 994 1798 1039 unius

205 1061 434 1120 cuiusque
479 1061 665 1119 generis
710 1067 956 1120 purgatam
993 1067 1040 1106 et
1076 1067 1261 1107 tunsam
1299 1060 1354 1106 ad
1394 1075 1531 1121 supra
1572 1063 1799 1122 scriptum

204 1128 387 1190 pondus
425 1128 660 1189 adpendes
697 1137 744 1175 et
782 1131 848 1175 sic
886 1131 934 1175 in
973 1130 1221 1176 caccabum
1260 1132 1439 1191 mittes,
1488 1138 1586 1177 tum
1625 1131 1798 1177 adicies

204 1213 359 1245 ceram
392 1204 438 1244 et
466 1200 691 1262 resinam3
725 1213 841 1260 quae
873 1214 980 1245 cum
1011 1201 1185 1246 fuerint
1213 1200 1350 1246 simul
1374 1199 1498 1246 lento
1523 1203 1628 1260 igne
1652 1201 1798 1262 lique-
1822 1218 1862 1250 15

204 1269 345 1330 facta,
391 1267 563 1314 colabis
609 1283 660 1314 ea
706 1276 753 1315 et
789 1270 837 1314 in
875 1284 953 1315 vas
993 1270 1115 1331 quod
1157 1269 1357 1316 volueris
1395 1270 1622 1316 defundes
1659 1279 1798 1332 atque

204 1339 366 1400 uteris,
405 1352 512 1384 cum
549 1352 667 1398 opus
705 1338 861 1385 fuerit.

127 1418 173 1455 13
346 1407 414 1453 Ad
453 1407 660 1454 dolorem
699 1408 1006 1455 medullarum
1045 1409 1303 1455 remedium
1342 1411 1430 1456 sic:
1479 1409 1580 1456 Olei
1617 1411 1798 1471 cyprini

204 1477 252 1524 P.
283 1477 338 1540 ΙΙ,
376 1477 604 1524 medullae
643 1480 856 1524 cervinae
890 1504 956 1510 —
986 1477 1056 1540 VI,
1093 1478 1250 1540 butyri
1287 1481 1465 1525 vaccini
1500 1506 1564 1512 —
1595 1479 1671 1542 111,
1702 1481 1799 1526 sevi

203 1549 380 1594 taurini
414 1573 473 1579 —
500 1547 575 1609 ΙΙΙ,
607 1548 755 1609 adipis
786 1549 991 1594 anserini
1018 1573 1077 1581 —
1103 1547 1180 1610 ΙΙΙ,
1212 1562 1346 1594 cerae
1371 1548 1588 1596 Ponticae
1617 1574 1678 1581 —
1705 1548 1797 1612 VII,
1820 1567 1861 1597 20

203 1616 382 1663 bdellae
427 1644 483 1650 —-
519 1616 602 1680 Ill,
648 1619 808 1679 oesypi
849 1643 908 1650 —-
942 1617 1018 1664 111.
1084 1617 1149 1663 De
1187 1617 1261 1664 his
1298 1618 1514 1665 omnibus
1552 1619 1798 1680 speciebus

204 1689 356 1733 tunsis
402 1689 608 1734 excoctis
651 1690 862 1748 purgatis
907 1702 1052 1734 unum
1100 1702 1270 1749 corpus
1316 1689 1458 1734 facies
1505 1694 1550 1735 et
1594 1703 1678 1749 pro
1725 1703 1795 1735 ce·

204 1763 309 1803 roto
347 1758 510 1803 uteris.

122 1837 173 1874 14
343 1826 410 1873 Ad
451 1826 682 1888 paralysin
714 1833 760 1874 et
789 1842 1038 1874 nervorum
1072 1827 1256 1873 dolores
1286 1826 1477 1873 herbam
1510 1827 1797 1874 urceolarem

203 1896 432 1943 madidam
472 1898 518 1943 in
558 1896 808 1957 pultarium
847 1911 1019 1943 novum
1058 1899 1213 1943 mittes
1252 1903 1298 1943 et
1336 1897 1390 1943 ad
1423 1912 1609 1959 prunas,
1648 1897 1795 1944 donec
1817 1912 1858 1944 25

205 1981 254 2012 se
277 1968 498 2028 remittat,
528 1981 786 2029 excoques,
817 1973 930 2013 tunc
953 1969 999 2012 in
1025 1969 1298 2013 mortarium
1323 1969 1526 2013 conicies
1550 1973 1596 2013 et
1619 1967 1797 2014 adiecto

203 2035 406 2082 lomento
440 2041 486 2082 et
517 2043 662 2097 aceto,
702 2044 927 2097 quantum
959 2038 1070 2082 satis
1103 2039 1175 2098 sit,
1214 2037 1475 2082 diutissime
1506 2043 1720 2083 conteres
1752 2043 1798 2083 et

204 2119 290 2167 pro
328 2105 601 2166 malagmate
640 2106 754 2152 locis
793 2105 1059 2152 dolentibus
1098 2106 1315 2167 adpones.

123 2185 172 2222 15
344 2175 498 2221 Herba
533 2175 800 2222 Britannice
838 2176 999 2222 viridis
1044 2190 1150 2222 cum
1196 2175 1431 2222 radicibus
1469 2177 1565 2222 suis
1603 2183 1795 2235 contusa

204 2251 250 2291 et
287 2259 506 2306 expressa
545 2252 683 2306 atque
718 2260 772 2292 ex
810 2247 906 2292 vini
943 2245 1119 2307 cyathis
1157 2245 1339 2292 duobus
1377 2245 1447 2291 vel
1483 2244 1634 2291 tribus
1666 2248 1795 2306 potui
1820 2260 1860 2290 30

202 2321 384 2375 sumpta
424 2329 675 2361 nervorum
715 2315 1001 2376 quibuslibet
1039 2315 1277 2361 doloribus
1314 2321 1531 2375 potenter
1568 2315 1796 2377 medetur,

121 2396 171 2434 16
204 2391 427 2445 quantum
461 2386 776 2445 experimenta
815 2386 1090 2432 docuerunt.
1157 2384 1310 2431 Herba
1341 2386 1568 2430 vettonica
1607 2386 1715 2430 trita
1751 2391 1798 2430 et

122 2466 171 2503 17
202 2456 403 2514 inposita
434 2469 603 2500 nervos
633 2457 769 2501 etiam
802 2457 1039 2516 praecisos
1067 2456 1307 2514 coniungit
1329 2460 1376 2499 et
1399 2453 1607 2514 glutinat.
1660 2454 1798 2515 Myrti

202 2523 310 2569 folia
341 2524 503 2570 viridia
536 2524 738 2570 admixto
769 2525 951 2571 modico
984 2524 1077 2571 sale
1105 2530 1151 2569 et
1175 2531 1304 2569 aceto
1329 2529 1522 2569 contusa
1546 2538 1794 2570 nervorum

202 2592 552 2654 poplitumquae
577 2594 815 2641 doloribus
839 2600 1050 2655 prosunt,
1081 2595 1120 2639 si
1150 2593 1222 2638 his
1245 2592 1436 2638 adsidue
1461 2593 1662 2653 perfrice
1673 2600 1795 2640 ntur.
1818 2606 1858 2638 35

121 2672 172 2710 18
344 2662 408 2708 De
455 2663 605 2709 tribus
651 2664 851 2710 cumulis
899 2671 1070 2725 terrae,
1127 2676 1242 2723 quos
1287 2661 1434 2722 talpae
1482 2663 1679 2724 faciunt,
1724 2670 1796 2710 ter

205 2733 391 2778 sinistra
437 2747 577 2779 manu
627 2733 749 2794 quod
796 2732 1159 2794 adprehenderis
1197 2731 1352 2793 tolles,
1397 2731 1485 2778 hoc
1524 2740 1594 2778 est
1631 2747 1794 2779 novem
