1898 3016
113 313 166 350 14

114 731 164 768 15

113 869 164 908 16

114 1289 164 1327 17

114 1428 164 1466 18

115 1499 164 1537 19

111 1637 167 1675 20

113 1848 164 1885 21

114 1987 166 2026 22

821 99 1245 157 -40-’

194 233 455 281 remedium
485 232 697 296 habebit3
733 248 885 296 neque
917 241 1070 297 curet,
1103 236 1143 280 si
1173 235 1272 281 dies
1302 234 1463 282 Martis
1494 243 1572 283 aut
1604 236 1796 283 Saturni

196 306 245 350 in
283 303 366 349 1135
404 303 538 350 111035
568 304 800 350 inciderit.
860 303 1162 351 Eterocrania
1195 306 1291 351 sive
1323 307 1571 352 emicrania
1603 306 1795 353 discutit

195 373 310 419 haec
334 374 618 434 conpositio:
641 373 796 420 Gallae
822 372 1037 435 Syriacae
1055 401 1121 407 —-
1139 373 1215 436 111,
1235 378 1617 436 crocomagmatis
1641 402 1696 408 —
1718 375 1794 439 ΙΙΙ,

197 442 321 489 31035
365 469 432 475 -
472 442 557 505 ΙΙΙ,
602 443 684 489 5311
733 443 875 504 gallas
919 445 1053 505 prius
1098 444 1267 490 tundes
1313 450 1359 491 et
1403 445 1643 508 criblabis,
1695 453 1794 492 tum

196 518 352 559 cetera
397 512 613 559 similiter
651 518 789 559 tunsa
834 519 881 560 et
921 513 1125 560 cribrata
1160 514 1381 561 miscebis
1417 515 1557 576 idque
1595 515 1793 562 medica-
1817 525 1840 556 5

194 596 303 628 men
340 584 388 628 in
426 581 594 644 pyxide
633 582 873 629 conditum
912 583 1119 629 servabis
1164 598 1364 645 cumque
1412 599 1527 631 usus
1574 586 1795 647 exegerit,

196 666 251 698 ex
297 659 428 698 aceto
475 658 785 713 temperatum
825 659 956 714 parte
995 653 1165 711 frontis
1211 668 1327 715 quae
1367 654 1541 701 dolebit
1584 656 1794 715 inpones.

196 721 370 768 Terrae
422 721 730 783 Aegyptiacae
775 727 933 783 partes
991 722 1127 786 duas,
1180 726 1562 785 crocomagmatis
1613 731 1795 785 partem

195 805 336 838 unam
374 805 481 838 cum
516 797 647 838 aceto
679 792 1035 853 diligentissime
1073 808 1126 839 ac
1163 795 1477 840 minutissime
1518 801 1709 840 contere
1748 799 1795 840 et

195 868 376 923 partem
415 876 532 922 quae
571 861 746 908 dolebit
784 861 981 909 inlinito.
1055 861 1145 923 Opi
1183 889 1246 895 —-—
1278 863 1319 926 1,
1361 863 1628 924 colophonii
1663 889 1733 896 —-
1762 862 1795 924 Ι,
1819 873 1862 904 10

196 945 380 992 myrrae
411 957 477 963 —-
502 930 536 993 Ι,
566 931 833 994 hyoscyami
859 958 927 964 —
950 932 984 994 Ι,
1015 932 1274 993 peucedani
1298 959 1362 965 —
1389 933 1423 995 Ι,
1446 933 1604 979 anethi
1629 959 1693 966 —
1720 932 1798 995 ΙΙΙ,

196 1002 581 1062 crocomagmatis
609 1027 667 1034 -—
688 1001 721 1065 Ι,
752 1016 964 1048 seorsum
987 1002 1101 1048 haec
1125 1002 1295 1049 tundes
1319 1009 1365 1049 31
1389 1002 1582 1049 criblata
1604 1004 1653 1049 in
1676 1016 1798 1049 mor-

196 1071 315 1117 tario
347 1070 610 1117 diutissime
643 1078 860 1118 conteres
892 1077 938 1118 et
968 1086 1024 1118 ex
1055 1079 1185 1118 aceto
1215 1074 1390 1133 optimo
1415 1072 1471 1118 de
1495 1073 1584 1119 hoc
1607 1072 1798 1133 pulvere

196 1139 386 1201 collyria
417 1140 639 1186 formabis
669 1155 871 1202 cumque
896 1156 1014 1202 opus
1045 1142 1200 1205 fuerit,
1223 1143 1271 1188 10
1302 1149 1405 1188 0013
1437 1157 1493 1188 ex
1517 1148 1647 1189 aceto
1673 1147 1799 1188 teres

196 1215 244 1256 et
274 1211 478 1271 spissum
508 1212 632 1271 parti
663 1211 829 1257 frontis
862 1217 908 1257 et
937 1216 1203 1272 temporum
1228 1226 1345 1272 quae
1371 1211 1546 1258 dolebit
1568 1217 1674 1258 ante
1699 1211 1798 1258 dili·
1821 1221 1862 1253 15

197 1286 362 1340 genter
394 1280 605 1326 detersae
638 1281 911 1341 frequenter
940 1281 1149 1327 induces.
1211 1280 1362 1327 Grana
1392 1281 1591 1328 hederae
1627 1290 1673 1328 et
1704 1296 1798 1328 ser-

196 1348 374 1410 pullum
406 1351 508 1410 pari
537 1350 746 1411 pondere
774 1356 899 1397 teres
931 1365 988 1396 ex
1018 1356 1149 1397 aceto
1180 1357 1227 1397 et
1256 1351 1365 1397 inde
1396 1358 1546 1398 totum
1577 1353 1799 1398 verticem

196 1419 486 1480 perfricabis.
554 1419 697 1466 Bacas
737 1419 855 1466 lauri
894 1435 948 1466 ex
985 1429 1115 1467 aceto
1147 1422 1281 1467 tritas
1313 1421 1492 1468 adiecto
1524 1421 1625 1468 oleo
1657 1421 1800 1467 fronti

195 1490 394 1550 inpones
425 1489 671 1536 adversum
703 1491 985 1536 eterocranii
1013 1490 1264 1537 molestias,
1320 1490 1624 1538 Peucedanus
1655 1490 1800 1537 herba

195 1560 306 1605 trita
345 1573 402 1605 ex
440 1565 571 1606 aceto
603 1566 650 1606 et
680 1559 782 1605 oleo
813 1561 956 1607 fronti
986 1559 1118 1606 inlita
1149 1562 1438 1607 eterocrania
1469 1563 1623 1607 statim
1656 1561 1798 1607 sedat.
1823 1571 1864 1602 20

198 1627 354 1675 Herba
392 1628 464 1675 vel
501 1628 674 1675 hedera
711 1624 760 1676 111
799 1631 949 1691 capite
993 1636 1171 1676 statuae
1210 1629 1461 1676 cuiuslibet
1495 1632 1625 1677 nasci
1663 1630 1799 1677 solet:

197 1713 250 1744 ea
288 1700 328 1744 si
362 1700 412 1745 in
441 1713 595 1759 panno
626 1699 731 1745 rufo
763 1701 858 1746 acia
891 1700 993 1747 rufa
1025 1699 1096 1745 vel
1126 1700 1220 1746 lino
1252 1701 1357 1746 rufo
1388 1700 1527 1760 ligata
1558 1701 1699 1761 capiti
1727 1698 1800 1746 vel

196 1768 489 1829 temporibus
521 1768 748 1832 alligetur,
779 1771 951 1816 mirum
982 1770 1240 1816 remedium
1272 1771 1523 1816 emicranio
1547 1769 1619 1816 vel
1651 1776 1800 1816 etero-

198 1839 370 1884 craniis
414 1838 683 1899 praestabit.
756 1839 931 1886 Novem
976 1853 1117 1900 grana
1162 1841 1340 1900 piperis
1385 1841 1433 1886 in
1482 1841 1586 1885 vino
1626 1841 1799 1900 optimo

197 1914 323 1954 teres
362 1914 501 1969 atque
541 1923 597 1954 ex
627 1922 682 1954 eo
714 1909 916 1956 frontem
955 1915 1002 1956 et
1039 1916 1248 1970 tempora
1285 1908 1454 1955 inlines
1491 1911 1540 1955 in
1579 1924 1630 1955 ea
1668 1915 1799 1970 parte
1823 1920 1865 1952 25

200 1979 378 2040 capitis,
418 1992 535 2039 quae
575 1979 630 2024 de
663 1980 916 2026 emicranio
947 1978 1136 2026 dolebit.
1204 1978 1379 2025 Sucum
1413 1979 1470 2025 de
1501 1979 1589 2025 alio
1620 1981 1668 2025 in
1700 1993 1799 2025 eam

200 2061 374 2109 aurem,
414 2062 470 2094 ex
509 2050 643 2095 cuius
681 2055 813 2110 parte
853 2048 986 2096 dolor
1024 2050 1266 2096 emicranii
1303 2049 1456 2111 fuerit,
1494 2048 1725 2097 infundes.

881 2160 1005 2207 CAP.
1043 2159 1118 2206 ΙΙΙ.

663 2249 748 2291 Ad
783 2249 1102 2302 vertiginem
1139 2247 1341 2302 eapitis.

341 2327 411 2374 Ad
449 2330 725 2389 vertiginem
765 2330 949 2390 capitis,
989 2343 1124 2389 quam
1164 2327 1330 2374 Graeci
1366 2333 1572 2374 scotoma
1614 2333 1799 2374 vocant:

200 2395 465 2444 Peucedani
496 2398 535 2444 X
558 2398 613 2460 ΙΙ,
645 2400 844 2445 castorei
875 2397 914 2443 X
938 2398 972 2460 Ι,
1010 2397 1274 2459 sphondylii
1306 2397 1344 2443 X
1368 2396 1400 2459 Ι,
1432 2397 1652 2444 bacarum
1678 2396 1800 2443 lauri

198 2474 502 2527 purgatarum
534 2468 572 2514 X
596 2468 628 2514 I.
685 2467 918 2514 Terentur
948 2468 1062 2514 haec
1094 2468 1247 2513 omnia
1279 2467 1527 2527 diligenter
1557 2473 1604 2513 et
1641 2482 1695 2513 ex
1727 2467 1799 2513 his
1823 2478 1865 2509 30

200 2543 492 2598 conponetur
530 2538 941 2600 medicamentum3
981 2537 1103 2598 quod
1142 2551 1249 2583 cum
1287 2551 1405 2598 opus
1437 2539 1539 2597 erit,
1577 2536 1800 2583 admisce-

311 2647 334 2684 2
366 2643 593 2686 incederit.
735 2643 1061 2686 Aeteroorania.
1202 2631 1232 2684 '4
1271 2642 1441 2685 amidis.
1589 2648 1611 2685 τ
1650 2643 1799 2685 fronti.

199 2701 248 2740 11
295 2697 540 2752 piocedani.
705 2705 754 2741 13
801 2699 1001 2741 conteris,
1161 2703 1213 2740 14
1259 2700 1370 2741 cute.
1535 2704 1584 2741 16
1631 2699 1798 2740 ederae.

200 2757 252 2796 19
283 2755 564 2808 eterogranii.
681 2760 733 2797 23
766 2754 1019 2809 erograniis.
1136 2759 1188 2796 26
1219 2754 1450 2809 migranio.
