1898 3016
741 84 1083 135 -33-

114 214 231 261 bene
262 214 372 260 facit
401 219 677 260 centaureae
703 214 856 260 tenuis
888 226 1031 259 sucus
1061 226 1168 258 cum
1192 219 1323 258 aceto
1348 212 1494 259 calido
1519 213 1702 260 infusus

114 285 265 345 capiti.
341 283 408 329 Ad
454 284 618 343 capitis
661 282 908 329 molestum
954 287 1000 328 et
1045 281 1278 328 diutinum
1316 282 1523 329 dolorem
1563 283 1704 330 medi·
1734 291 1788 329 38

114 355 294 400 camina
330 352 448 398 infra
489 353 662 413 scripta
701 353 862 399 facies:
899 351 1108 398 Hederae
1147 351 1307 411 nigrae
1346 351 1453 398 folia
1490 354 1599 399 trita
1629 353 1704 400 ad-

115 425 257 470 mixto
295 427 439 483 aceto,
477 421 593 482 oleo,
632 423 752 484 vino,
790 423 950 483 aequis
989 420 1298 482 portionibus,
1336 421 1459 482 quod
1491 423 1706 486 sufficiat,

72 493 163 539 sin
215 490 398 538 vasculo
445 490 654 552 quolibet
700 492 878 537 fervere
925 491 1065 537 facies
1109 505 1161 537 ac
1208 497 1368 550 postea
1413 491 1614 537 frontem
1660 499 1707 539 et

114 569 322 623 tempora
360 560 491 607 lines.
567 561 755 607 Cicutae
794 560 901 606 folia
938 568 1017 607 aut
1055 561 1093 606 si
1135 559 1241 606 folia
1279 574 1372 607 non
1411 561 1598 623 suerint,
1636 576 1706 608 ra·

114 631 264 678 dicem
310 632 409 677 eius
454 637 579 676 teres
627 636 673 676 et
717 631 858 676 fronti
904 629 1071 676 inlines
1123 635 1203 676 aut
1247 630 1295 676 in
1341 630 1536 676 saccello
1583 630 1706 677 lineo

114 701 170 747 ad
205 700 405 747 frontem
436 699 707 760 suspendes.
766 699 903 745 Aloes
935 693 997 765 9·
1029 698 1107 761 VI,
1146 701 1274 746 croci
1305 694 1366 766 ῼ-
1401 699 1472 762 VI,
1506 703 1707 761 gummis

117 764 176 837 ῼ-
223 769 299 833 VI,
351 769 506 816 album
558 771 632 815 ovi
684 775 729 815 et
775 768 955 815 cocleas
1002 770 1203 814 minutas
1248 783 1446 815 numero
1485 769 1540 832 V,
1591 769 1706 817 haec

52 853 92 884 ιο
115 842 330 887 universa
367 846 582 886 conteres
619 841 666 884 in
704 840 927 885 mortario
967 852 1225 884 marmoreo
1264 845 1311 884 et
1341 845 1471 885 aceto
1503 839 1707 886 admixto

114 910 257 956 fronti
292 908 474 955 inlines.
534 908 760 955 Rasamen
798 914 970 970 pastae,
1009 907 1132 969 quod
1170 909 1218 953 in
1257 908 1436 968 magide
1473 908 1707 971 adhaeret,

116 973 176 1046 9·
202 978 258 1024 VI
289 985 335 1025 et
362 985 517 1025 cretae
544 972 604 1045 ῼα
629 977 686 1023 VI
718 984 764 1024 et
794 977 1042 1024 bulborum
1074 978 1366 1023 incoctorum
1392 972 1453 1044 9³
1478 977 1540 1023 ΙΙΙ
1571 980 1707 1025 tritos

115 1056 160 1095 et
204 1048 452 1095 medullam
495 1049 592 1094 sive
636 1047 845 1094 vitellum
890 1049 963 1094 ovi
1000 1046 1231 1108 gallinacii
1278 1053 1494 1094 conteres
1533 1050 1709 1109 pariter

115 1133 171 1164 ex
215 1124 344 1165 aceto
391 1124 436 1164 et
481 1117 624 1163 fronti
666 1117 849 1164 inlines.
923 1116 1046 1163 Muri
1091 1116 1340 1163 cerebrum
1384 1117 1519 1164 tolles
1565 1125 1611 1164 et
1660 1120 1709 1164 in

53 1201 94 1232 15
116 1190 222 1233 vino
254 1189 410 1234 mittes
441 1202 493 1233 ac
525 1193 809 1233 maceratum
840 1192 886 1233 et
908 1188 1073 1233 tritum
1097 1186 1240 1233 fronti
1271 1187 1452 1234 inlines.
1511 1186 1709 1235 Euforbi

119 1251 179 1323 2
204 1257 236 1318 1,
260 1259 387 1304 croci
412 1251 472 1323 ᾃ.
497 1256 552 1301 Vl
581 1258 811 1317 permisce
841 1270 946 1303 cum
972 1263 1103 1302 aceto
1135 1264 1180 1302 et
1203 1258 1379 1316 pariter
1403 1256 1521 1303 bene
1545 1259 1708 1304 tritum

118 1327 260 1373 fronti
296 1327 452 1373 inline.
511 1325 721 1372 Hederae
760 1340 902 1372 sucus
941 1325 1113 1372 densus
1152 1326 1294 1371 fronti
1333 1331 1380 1372 et
1418 1326 1708 1388 temporibus

117 1396 331 1442 inlinitur
361 1405 406 1442 et
437 1410 543 1443 cum
575 1397 775 1442 siccatus
806 1396 960 1457 fuerit,
991 1397 1162 1442 iterum
1193 1395 1427 1458 inlinitur3
1465 1410 1558 1456 quo
1589 1397 1710 1443 sacto

120 1465 268 1512 dolori
292 1467 456 1526 capitis
479 1471 696 1526 potenter
719 1464 1007 1511 subvenitur.
1048 1464 1118 1511 Ad
1143 1465 1519 1525 conpescendum
1543 1468 1709 1526 capitis
1741 1475 1793 1512 39

54 1547 95 1578 20
119 1534 324 1581 dolorem
369 1534 587 1595 pollinem
634 1536 753 1581 turis
795 1549 902 1581 cum
938 1536 1054 1581 visci
1098 1535 1303 1595 scripulo
1348 1536 1524 1595 pariter
1569 1535 1711 1582 fronti

116 1604 272 1651 inline.
332 1603 464 1658 Quod
490 1606 530 1650 si
553 1603 711 1650 dolore
742 1604 947 1651 medium
980 1611 1120 1665 caput
1149 1604 1262 1650 findi
1293 1604 1540 1667 videbitur,
1570 1605 1711 1652 hede-
1741 1613 1796 1651 40

117 1688 215 1720 ram
261 1673 496 1721 contunde
534 1688 586 1720 ac
624 1688 789 1720 sucum
828 1675 929 1720 eius
967 1674 1068 1720 oleo
1106 1688 1298 1721 rosaceo
1336 1675 1480 1720 misce
1520 1681 1566 1721 et
1603 1690 1711 1722 cum

117 1743 305 1790 linteolo
343 1743 517 1790 mundo
555 1743 699 1789 fronti
735 1743 965 1806 inducito,
1002 1751 1211 1804 tempora
1251 1758 1436 1804 quoque
1476 1758 1532 1790 ex
1571 1759 1624 1790 eo
1664 1751 1710 1791 et

117 1827 254 1859 nares
284 1827 514 1875 perunge3
553 1813 676 1873 quod
709 1814 749 1859 si
778 1815 961 1874 gravior
991 1812 1124 1859 dolor
1155 1815 1311 1875 fuerit,
1343 1814 1481 1859 etiam
1513 1814 1712 1861 cerebro

55 1894 95 1925 25
119 1883 418 1943 superfunde.
479 1882 652 1929 Limaci
683 1882 926 1944 calculum,
959 1897 1098 1944 quem
1127 1885 1176 1929 in
1207 1884 1359 1943 capite
1396 1882 1549 1945 habet,
1580 1883 1711 1946 tolle3
1742 1891 1794 1928 41

119 1952 242 2014 quod
281 1967 375 1998 non
413 1952 545 1999 facile
584 1952 746 2015 facies,
794 1954 886 1998 nisi
929 1954 993 2014 ei,
1039 1952 1148 1999 dum
1187 1954 1236 1998 in
1274 1954 1345 1998 via
1382 1954 1526 2015 repit,
1572 1960 1712 2015 caput

119 2021 273 2069 subito
312 2022 588 2068 abscideris:
628 2036 766 2083 quem
803 2021 1002 2083 lapidem
1034 2022 1256 2083 quamdiu
1291 2028 1446 2069 tecum
1476 2022 1711 2085 habueris,

118 2106 372 2152 numquam
408 2091 555 2138 ullum
594 2091 803 2138 dolorem
840 2093 1007 2151 capitis
1045 2106 1130 2138 nec
1170 2093 1342 2138 senties
1381 2106 1467 2138 nec
1505 2094 1711 2152 patieris.

118 2161 259 2208 Lauri
295 2161 432 2208 bacas
463 2175 658 2208 numero
691 2161 725 2206 V
756 2176 811 2207 ex
842 2166 973 2207 aceto
1005 2167 1195 2208 contere
1226 2168 1306 2208 aut
1336 2167 1514 2222 septem
1545 2162 1711 2223 pilulas
1742 2170 1795 2206 42

58 2243 99 2274 30
122 2233 343 2277 stercoris
382 2232 560 2292 caprini
597 2246 652 2277 ex
691 2237 820 2277 aceto
862 2237 962 2277 tere
1002 2238 1046 2277 et
1084 2231 1227 2278 fronti
1263 2230 1420 2277 inline.
1479 2231 1634 2278 Herba
1664 2233 1711 2278 in
1742 2239 1796 2276 43

120 2302 269 2361 capite
295 2307 472 2347 statuae
497 2300 747 2347 cuiuslibet
771 2302 899 2347 nasci
923 2299 1053 2363 solet,
1071 2315 1124 2347 ea
1147 2301 1448 2347 decrescente
1472 2301 1582 2347 luna
1605 2300 1711 2348 sub-

119 2370 208 2416 lata
247 2372 479 2431 capitique
518 2370 836 2431 circumligata
874 2369 1080 2416 dolorem
1112 2370 1253 2432 tollit;
1291 2372 1542 2417 emicranio
1574 2373 1713 2418 etiam

122 2440 372 2486 efficaciter
403 2440 631 2503 medetur,
669 2442 710 2486 si
738 2442 785 2486 in
819 2454 970 2502 panno
1002 2440 1105 2486 rufo
1137 2440 1230 2486 lino
1268 2440 1372 2486 rufo
1403 2439 1542 2501 ligata
1572 2442 1713 2502 capiti

122 2509 192 2554 vel
215 2510 503 2570 temporibus
527 2509 752 2572 alligetur.
798 2509 1017 2556 Radicem
1045 2509 1340 2571 atractylidos
1363 2509 1549 2573 herbae,
1574 2524 1713 2572 quam
1742 2519 1798 2556 44

58 2589 100 2620 35
123 2581 270 2625 nostri
315 2579 536 2626 carduum
582 2587 770 2637 vocant,
816 2579 889 2626 vel
934 2581 1034 2625 eius
1080 2594 1259 2626 ramum
1305 2577 1376 2626 vel
1413 2579 1577 2626 florem
1615 2581 1714 2627 aeia

234 2732 258 2768 2
283 2727 438 2779 capud.
527 2732 551 2770 8
576 2728 709 2772 alueS.
796 2733 848 2770 28
872 2727 977 2769 ullo.
1065 2731 1118 2769 32
1142 2727 1396 2782 emigranio.
1473 2733 1527 2770 33
1550 2727 1713 2782 legata.

207 2805 455 2846 MARommns,
476 2813 537 2837 nn.
561 2807 803 2836 Hmmfflmcu.
1437 2802 1461 2839 3
