1898 3016
765 96 1116 146 -97—

142 225 210 272 Ad
248 225 482 271 auriculae
515 231 745 271 tumorem
776 231 823 271 et
853 224 1061 271 dolorem
1091 226 1192 271 sine
1225 223 1383 271 ulcere
1415 225 1607 286 prodest
1637 225 1740 272 her·
1772 235 1826 274 32

142 294 227 341 bae
267 294 522 341 urceolaris
553 302 632 341 aut
663 294 933 341 cucurbitae
966 301 1284 341 ramentorum
1318 309 1461 341 sucus
1491 309 1658 342 recens
1688 309 1740 343 ac

143 372 304 426 tepens
356 378 440 426 per
494 363 719 424 strigilem
773 366 822 410 in
874 365 1080 411 foramen
1125 365 1252 411 auris
1298 364 1498 411 dolentis
1542 365 1739 412 infusus.

143 433 363 480 Cutiones
407 433 629 480 bestiolae
676 442 786 480 sunt
829 433 1108 494 multipedes
1160 440 1267 480 cute
1313 434 1428 480 dura
1481 441 1528 481 et
1579 434 1740 497 solida,
1770 447 1824 484 33

102 518 122 550 5
145 517 262 565 quae
300 510 447 550 tactae
486 502 750 564 conplicant
787 517 836 549 se
874 506 922 550 in
960 503 1121 550 orbem
1159 503 1328 564 pilulae
1367 504 1740 567 rotundissimae,

78 865 119 896 10

78 1213 118 1243 15

77 1560 118 1590 20

76 1906 116 1936 2⁵

74 2253 115 2284 30

144 573 395 634 polypodas
425 572 588 619 Graeci
619 572 872 636 appellant;
911 574 996 620 hae
1032 573 1281 634 conplures
1312 579 1469 620 coctae
1501 589 1607 620 cum
1640 575 1739 622 oleo

145 642 271 688 molli
315 644 362 688 in
410 656 513 688 vaso
558 642 710 688 ferreo
756 643 962 689 remedio
1009 650 1119 690 sunt
1164 642 1356 690 auribus
1405 643 1739 706 laborantibus,

145 713 185 758 si
222 712 329 758 inde
368 717 605 758 curentur.
679 711 819 758 Gliris
857 714 1028 773 pingue
1067 719 1114 759 et
1150 712 1344 773 gallinae
1383 713 1525 775 adeps
1563 722 1608 760 et
1645 729 1738 760 me·
1769 725 1824 762 34

144 780 266 828 dulla
297 781 518 828 bubulina
550 781 622 827 vel
651 783 834 828 taurina
868 782 1111 844 liquefacta
1142 788 1402 843 tepensque
1433 784 1586 830 infusa
1618 786 1738 830 auri·

142 850 228 897 bus
267 851 515 912 plurimum
554 851 759 911 prodest.
833 851 957 898 Bene
997 852 1105 898 facit
1141 851 1229 898 hoc
1268 852 1660 900 medicamentum
1692 860 1739 900 et
1769 863 1822 901 35

140 919 194 966 ad
240 927 470 967 tumorem
522 927 569 967 et
613 921 668 967 ad
714 921 1108 967 exulcerationem
1160 923 1364 968 aurium:
1430 924 1562 968 Aceti
1615 925 1737 970 acris

140 991 352 1036 sextariis
384 990 566 1037 duobus
596 992 916 1052 incoquuntur
947 991 1064 1037 mala
1094 998 1283 1052 granata
1316 991 1424 1053 duo,
1456 991 1628 1053 quibus
1659 1007 1735 1039 co-

139 1061 268 1105 riarii
313 1068 509 1106 utuntur
560 1066 607 1107 et
651 1063 758 1122 quia
803 1075 987 1121 semper
1034 1061 1164 1107 acida
1209 1067 1319 1107 sunt
1374 1076 1461 1108 nec
1513 1077 1736 1123 umquam

141 1135 472 1191 maturescunt,
509 1130 646 1176 rhoas
684 1131 812 1176 oxias
841 1130 955 1176 haec
985 1130 1150 1177 Graeci
1180 1131 1355 1177 dicunt.
1417 1130 1536 1178 Tum
1567 1132 1735 1179 deinde

141 1198 405 1245 adiciuntur
442 1199 514 1245 his
552 1206 599 1245 et
635 1199 952 1246 admiscentur
989 1199 1204 1246 aluminis
1235 1201 1331 1246 fissi
1364 1226 1428 1233 -—-
1459 1200 1514 1263 ΙΙ,
1553 1203 1734 1249 acaciae

142 1269 244 1314 suci
281 1267 323 1313 11
369 1276 414 1315 et
458 1283 564 1315 cum
610 1268 726 1315 bene
771 1271 998 1330 permixta
1043 1270 1156 1316 haec
1195 1277 1242 1316 et
1279 1272 1503 1330 coagitata
1542 1271 1734 1332 fuerint,

141 1339 386 1398 reponitur
422 1338 809 1385 medicamentum
847 1342 894 1385 in
929 1339 1129 1399 ampulla
1160 1341 1324 1402 vitrea3
1364 1355 1468 1386 cum
1501 1355 1619 1401 opus
1650 1350 1735 1404 est,

141 1408 195 1453 ad
243 1415 471 1454 tumorem
517 1408 715 1454 calidum
755 1423 839 1469 per
877 1409 1102 1469 strigilem
1141 1410 1406 1456 infunditur
1444 1418 1489 1456 et
1527 1411 1735 1458 foramen

141 1491 371 1523 summum
417 1477 651 1524 auriculae
696 1477 798 1523 lana
844 1478 1004 1524 sucida
1049 1480 1244 1540 tegitur,
1297 1479 1352 1525 ad
1400 1479 1533 1526 ulcus
1578 1487 1733 1527 autem

141 1546 355 1606 frigidius
399 1547 685 1593 medicamen
731 1562 814 1608 per
858 1548 1067 1594 eiusdem
1112 1550 1299 1609 generis
1339 1548 1491 1595 lanam
1529 1556 1574 1596 et
1612 1552 1733 1597 auri-

140 1615 364 1676 scalpium
387 1617 590 1663 inicitur.
639 1617 773 1663 Aliud
798 1617 1188 1664 medicamentum
1214 1619 1268 1664 ad
1294 1626 1524 1665 tumorem
1549 1623 1731 1668 aurium
1764 1630 1816 1668 36

139 1691 186 1731 et
223 1685 635 1733 exulcerationem:
673 1686 820 1732 Mellis
851 1687 1002 1748 cyathi
1033 1687 1109 1749 ΙΙΙ,
1140 1690 1260 1734 aceti
1294 1690 1415 1735 acris
1439 1689 1632 1749 cyathus
1658 1689 1676 1735 Ι
1702 1689 1733 1736 S

138 1756 409 1818 miscentur,
440 1763 599 1816 postea
630 1757 830 1802 adicitur
859 1758 958 1816 gari
989 1759 1152 1817 optimi
1179 1758 1373 1818 cyathus
1398 1773 1534 1819 unus,
1566 1759 1732 1806 deinde

139 1823 420 1871 carbonibus
464 1827 752 1886 infervescit,
798 1828 932 1872 cuius
978 1841 1140 1886 spuma
1182 1841 1382 1888 surgens
1426 1828 1619 1888 pinnula
1656 1828 1732 1875 ab·

138 1894 279 1939 icitur
316 1900 363 1940 et
400 1902 492 1940 tam
531 1895 609 1941 diu
641 1896 858 1956 coquitur
889 1895 959 1942 vel
989 1898 1202 1958 agitatur,
1241 1897 1388 1943 donec
1419 1897 1585 1944 habeat
1615 1900 1732 1959 spis-

139 1963 409 2010 situdinem:
446 1964 534 2010 hoc
573 1964 719 2010 calido
759 1965 813 2010 ad
852 1972 1098 2027 tumorem,
1137 1966 1305 2026 frigido
1342 1967 1399 2012 ad
1438 1966 1585 2031 ulcus,
1624 1983 1729 2014 cum

138 2033 392 2094 oportebit,
438 2035 598 2080 uteris.
673 2034 786 2080 Item
833 2034 950 2080 bene
990 2035 1099 2081 facit
1135 2034 1249 2082 haec
1288 2038 1547 2097 conpositio
1591 2039 1728 2084 etiam
1760 2047 1813 2085 37

138 2101 194 2148 ad
233 2110 433 2149 veterem
474 2105 658 2150 aurium
696 2104 923 2151 dolorem:
968 2103 1193 2151 Aluminis
1233 2105 1279 2151 P.
1318 2105 1356 2165 I,
1400 2106 1550 2153 mellis
1589 2107 1636 2153 P.
1675 2107 1728 2154 ΙΙ.

137 2170 260 2218 Haec
306 2174 352 2218 in
397 2175 618 2219 mortario
664 2176 796 2234 prius
842 2173 960 2220 bene
999 2176 1273 2234 permisceri
1311 2183 1515 2238 oportet,
1561 2177 1729 2223 deinde

138 2240 225 2286 olla
256 2256 371 2287 nova
401 2244 611 2305 excoqui,
643 2243 790 2289 donec
820 2243 1020 2289 habeant
1043 2244 1193 2290 mellis
1218 2245 1590 2308 spissitudinem;
1622 2261 1728 2292 cum

138 2324 255 2371 opus
287 2319 370 2373 est,
402 2313 664 2359 infunditur
694 2314 741 2358 in
772 2313 1027 2359 auriculam
1058 2328 1113 2359 ex
1145 2313 1247 2359 lana
1271 2314 1558 2374 conchyliata
1582 2330 1728 2376 eaque

139 2379 389 2443 clauditur3
425 2381 513 2428 hoc
546 2390 591 2428 et
621 2381 902 2429 conbustum
938 2383 1091 2428 locum
1129 2397 1293 2429 sanum
1327 2383 1482 2430 reddit
1519 2386 1619 2431 sine
1650 2385 1728 2432 do-

138 2449 234 2495 lore
273 2458 319 2496 et
355 2453 454 2496 sine
492 2453 729 2514 cicatrice,
771 2454 810 2498 si
848 2454 890 2498 ei
928 2454 1141 2513 protinus
1185 2455 1448 2514 inponatur.
1525 2453 1574 2500 Si
1619 2469 1725 2502 caro
1758 2465 1811 2502 38

140 2521 396 2566 excreverit
431 2522 480 2566 in
518 2521 741 2567 foramine
781 2524 920 2583 auriS,
962 2524 1282 2582 conprimetur
1314 2524 1413 2569 sine
1451 2523 1610 2570 dolore
1649 2530 1728 2571 aut

253 2685 273 2721 1
304 2681 499 2724 auricula
528 2683 574 2724 et
601 2696 811 2726 umorem.
984 2690 1007 2727 6
1039 2685 1140 2740 hae]
1174 2685 1296 2726 haec.
1470 2690 1492 2727 7
1523 2684 1725 2727 ferreum.

142 2740 191 2777 12
222 2735 525 2788 inquocuntur.
640 2744 691 2781 27
723 2740 847 2795 facit]
880 2740 1025 2783 facite.
1141 2745 1194 2782 30
1226 2741 1400 2784 habeat.

221 2814 454 2846 Mxncnnnns
463 2839 471 2855 ,
496 2825 554 2846 ει).
579 2817 823 2848 Hnnunmen.
1451 2816 1473 2853 7
