1898 3016
93 507 144 544 12

94 786 146 823 13

98 1553 151 1591 14

105 2183 153 2219 15

786 93 1170 145 —248—

179 226 441 281 temperare
480 219 639 283 debet,
686 221 810 267 unde
852 223 945 268 sint
983 227 1081 268 tres
1118 224 1356 284 potioneS,
1401 225 1462 271 ita
1501 231 1553 271 ut
1590 239 1614 271 a
1652 225 1776 272 nullo

177 289 265 335 alio
305 304 443 350 quam
483 289 539 336 ab
578 305 647 353 eo,
687 292 768 351 qui
808 291 1003 337 daturus
1043 298 1128 353 est,
1166 291 1309 338 herba
1348 292 1423 339 illa
1462 294 1532 340 vel
1569 297 1696 356 potio
1732 301 1776 343 et

176 358 233 405 ab
265 373 335 422 eo,
366 357 448 420 qui
479 366 760 421 accepturus
794 368 879 418 est,
911 367 1141 421 tangatur.
1201 361 1326 408 Haec
1359 365 1438 423 qui
1468 363 1586 410 bene
1618 364 1774 411 obser-

175 431 367 491 vaverit,
405 431 575 476 mirum
614 430 874 476 remedium
911 432 1130 478 inveniet.

318 499 384 544 Ad
433 514 574 546 coxae
620 498 827 546 subitum
874 506 1114 561 stuporem
1154 500 1225 547 vel
1270 501 1499 550 dolorem:
1550 503 1819 551 Afronitrif»

175 594 244 601 ——
269 568 303 631 I,
335 571 521 630 senapis
559 595 614 601 —
644 569 676 631 I,
709 571 884 630 piperis
920 572 1205 616 semunciam
1237 577 1363 618 teres
1396 579 1442 618 et
1473 574 1583 619 trita
1613 575 1777 620 misce-

176 637 263 700 bis,
300 644 353 685 ut
390 638 631 699 pulverem
669 639 823 702 facias,
864 646 910 686 et
947 641 993 685 in
1035 640 1198 686 balneo
1238 640 1404 705 locum,
1450 642 1505 688 de
1545 657 1636 704 quo
1669 658 1778 704 que-

177 709 313 770 reris,
350 708 640 768 perfricabis.

319 777 593 824 Remedium
633 779 687 824 ad
727 781 931 825 nesciam
964 781 1052 826 sic:
1090 779 1288 840 Colliges
1318 780 1524 844 herbam,
1564 797 1680 843 quae
1712 783 1778 829 di·

179 849 304 894 citur
341 847 630 910 Britannice,
669 848 743 894 die
781 848 900 894 lovis
938 856 1096 895 vetere
1133 849 1241 896 luna
1280 858 1326 896 et
1361 850 1543 913 liduna,
1582 852 1778 899 siccabis
1801 865 1841 895 ιο

180 925 226 964 et
263 932 479 978 repones,
518 920 625 978 quia
665 917 818 964 hieme
857 933 951 964 non
988 925 1194 980 apparet,
1233 934 1339 965 nam
1375 926 1420 966 et
1451 921 1611 967 viridis
1640 922 1778 982 prod-

179 994 272 1050 est3
319 994 444 1034 teres
490 988 609 1033 hanc
655 1002 761 1034 cum
808 987 959 1034 tribus
1004 990 1162 1049 granis
1208 988 1315 1035 salis
1361 996 1407 1035 et
1452 1005 1559 1036 cum
1603 993 1778 1052 piperis

179 1058 336 1118 granis
378 1059 586 1118 quinque
625 1063 704 1103 aut
743 1064 944 1120 septem,
989 1057 1130 1103 addes
1175 1065 1220 1105 et
1263 1059 1452 1119 plenum
1491 1060 1664 1120 grande
1703 1075 1778 1107 co-

181 1127 333 1173 cleare
372 1127 524 1172 mellis
563 1132 609 1172 et
646 1128 742 1172 vini
779 1128 1015 1187 potionem
1054 1126 1223 1173 bonam
1255 1134 1301 1174 et
1331 1130 1371 1174 si
1401 1129 1603 1176 volueris
1634 1130 1778 1176 modi·

181 1211 288 1243 cum
321 1196 495 1242 calidae
527 1211 672 1256 aquae
705 1196 878 1242 adicies
909 1202 956 1242 et
986 1198 1053 1242 sic
1083 1196 1338 1243 bibendum
1369 1197 1521 1260 dabis3
1552 1199 1633 1245 sed
1660 1199 1780 1246 hanc
1803 1210 1844 1242 15

179 1266 374 1313 herbam
399 1273 485 1326 ter,
510 1266 621 1312 dum
645 1273 792 1328 teneS,
816 1273 1065 1327 antequam
1089 1266 1293 1328 colligas,
1318 1275 1619 1327 praecantare
1637 1269 1779 1315 debes

181 1338 271 1383 sic:
310 1335 504 1382 Terram
536 1342 688 1397 teneo,
726 1335 918 1382 herbam
950 1335 1068 1397 leg0,
1105 1338 1151 1382 in
1185 1338 1371 1383 nomine
1405 1337 1593 1398 Christi,
1629 1341 1781 1400 prosit

179 1406 235 1452 ad
284 1406 407 1466 quod
453 1411 498 1452 te
546 1405 724 1466 colligo.
790 1405 1144 1452 Medicinalibus
1182 1406 1339 1467 digitis
1378 1421 1477 1453 eam
1517 1409 1616 1454 sine
1655 1409 1779 1454 ferro

180 1475 422 1537 praecides
460 1481 540 1521 aut
578 1475 760 1521 evelles.

323 1545 388 1590 Ad
414 1546 620 1591 nesciam
645 1545 701 1591 de
727 1547 1047 1606 experimento
1073 1545 1332 1592 remedium
1356 1547 1445 1592 sic:
1469 1547 1612 1592 Radix
1632 1547 1779 1608 bugil-
1803 1558 1844 1589 20

184 1615 306 1661 lonis
339 1617 439 1661 sine
470 1615 595 1661 ferro
627 1614 861 1675 colligitur
890 1615 962 1660 vel
994 1617 1178 1661 eruitur
1207 1615 1310 1676 palo
1342 1623 1500 1678 acuto,
1530 1617 1644 1662 haec
1675 1624 1780 1663 tun-

183 1686 313 1732 ditur
350 1686 399 1730 in
436 1685 528 1745 pila
566 1685 637 1730 vel
675 1686 847 1731 teritur
883 1687 931 1730 in
970 1687 1191 1731 mortario
1230 1693 1277 1732 et
1313 1700 1456 1731 sucus
1494 1688 1594 1732 eius
1630 1689 1781 1748 expri-

184 1757 341 1816 mitur,
379 1756 441 1801 ita
481 1761 533 1801 ut
569 1756 617 1800 in
657 1769 768 1801 suco
808 1769 861 1800 eo
901 1756 962 1800 sit
1002 1754 1071 1800 vel
1109 1757 1395 1818 quartarius3
1433 1755 1600 1802 deinde
1639 1770 1782 1816 grana

184 1826 364 1886 piperis
403 1824 524 1870 XXV
561 1830 782 1871 teruntur
821 1830 866 1870 et
904 1824 1055 1870 mellis
1094 1824 1210 1870 libra
1249 1825 1448 1871 adicitur
1486 1840 1538 1871 ac
1577 1827 1671 1872 vini
1707 1841 1780 1872 ve-

185 1895 302 1941 teris
349 1896 594 1941 sextarius.
661 1893 786 1940 Haec
830 1896 982 1940 omnia
1028 1909 1132 1940 cum
1180 1909 1292 1940 suco
1332 1909 1472 1955 supra
1512 1897 1685 1956 scripto
1724 1896 1779 1942 ad
1803 1906 1845 1937 25

184 1964 374 2010 modum
414 1964 592 2010 conditi
629 1965 975 2025 permiscentur
1013 1972 1058 2010 et
1096 1963 1324 2010 laboranti
1362 1966 1407 2010 in
1447 1964 1632 2027 balne0,
1675 1980 1781 2012 cum

184 2036 275 2080 iam
314 2048 460 2095 prope
499 2034 649 2080 lassus
687 2035 849 2096 fuerit,
890 2047 974 2095 per
1011 2034 1220 2080 triduum
1259 2034 1459 2094 potanda
1496 2036 1542 2080 in
1582 2034 1782 2081 caldaria

186 2103 339 2150 tribus
376 2103 646 2164 potionibus
685 2103 869 2164 dantur,
906 2105 1023 2149 mire
1056 2103 1284 2164 proderit.

329 2172 593 2234 Descriptio
626 2175 774 2219 ceroti
806 2172 1057 2236 chalastici,
1089 2173 1210 2234 quod
1240 2174 1349 2219 facit
1371 2173 1427 2219 ad
1452 2187 1612 2218 omnes
1636 2175 1780 2219 totius

186 2244 399 2304 corporis
437 2243 636 2305 dolores,
674 2244 925 2304 praecipue
963 2243 1019 2289 ad
1058 2245 1357 2289 contusiones
1386 2241 1702 2288 membrorum
1735 2249 1779 2289 et
1803 2259 1845 2289 30

185 2327 438 2360 nervorum
469 2313 764 2359 infirmitates
797 2319 843 2359 et
874 2313 927 2358 ad
961 2313 1187 2359 stomachi
1218 2311 1438 2359 dolorem.
1492 2310 1677 2372 Insigne
1710 2318 1781 2358 est

187 2389 315 2429 certe
360 2384 575 2444 inprimis
621 2382 676 2428 ad
723 2382 989 2428 lumborum
1036 2389 1082 2429 et
1119 2383 1300 2428 renium
1347 2381 1552 2443 dolores,
1594 2382 1780 2428 confici-

187 2459 266 2498 tur
314 2459 468 2499 vetere
515 2453 622 2499 luna
669 2459 716 2498 et
759 2452 916 2498 liduna
962 2467 986 2498 a
1032 2466 1191 2498 mense
1237 2450 1400 2496 Martio
1446 2452 1493 2495 in
1540 2451 1781 2511 quodlibet

188 2530 372 2583 tempus
396 2524 636 2584 aestivum,
660 2523 828 2583 recipit
852 2521 986 2568 haec:
1014 2521 1162 2567 Flomi
1184 2520 1362 2582 libram,
1386 2519 1558 2566 herbae
1584 2520 1780 2567 Sabinae

327 2688 351 2724 6
382 2683 598 2737 saenapis.
714 2683 902 2737 peperis.
1020 2686 1042 2724 7
1076 2681 1289 2734 quaereri.
1392 2687 1442 2724 10
1472 2682 1778 2725 brittannicae.

185 2742 237 2780 21
269 2739 516 2794 collegitur.
633 2744 693 2780 32⁴
716 2739 906 2793 renium]
936 2736 1191 2779 remedium.
