1898 3016
740 38 978 88 -207
1059 66 1117 74 --

135 166 289 215 tribus
325 167 398 214 vel
428 172 649 229 quattuor
680 173 726 213 et
754 173 914 229 postea
946 165 1077 213 dabis
1107 167 1346 227 potionem
1379 166 1552 214 calidae
1584 181 1730 229 aquae

135 242 182 283 et
212 251 319 284 cum
342 237 541 300 dederis,
572 238 774 299 accipies
800 236 1028 283 mercedis
1052 236 1402 300 quodcumque3
1433 237 1568 283 multi
1592 239 1731 300 enim,

135 308 217 367 qui
245 308 338 354 cito
370 309 522 354 curati
552 313 674 369 sunt,
705 308 875 367 ingrati
904 309 1173 369 extiterunt,
1203 313 1397 368 propter
1425 307 1548 368 quod
1575 309 1731 368 ipsum

135 378 395 425 antidotum
433 377 717 424 acharistum
755 376 1026 437 appellatur.

92 458 113 490 5
275 447 583 511 Oxyporium,
629 446 751 508 quod
791 447 964 493 dicitur
1001 446 1285 510 chymation,
1330 447 1441 493 facit
1484 446 1540 493 ad
1579 446 1729 494 calcu·

134 519 308 567 lolosos
353 523 400 564 et
444 517 500 563 ad
545 518 730 563 renium
769 516 978 563 dolorem
1010 522 1056 563 et
1087 516 1142 563 ad
1173 516 1458 563 inflationem
1490 516 1732 578 stomachi,

133 588 457 651 phlegmatieis
494 600 680 647 quoque
717 586 911 647 prodest
948 592 995 632 et
1025 586 1198 649 colicis,
1237 586 1317 632 sed
1349 594 1395 633 et
1426 588 1653 633 tortiones
1685 593 1732 633 et

133 656 516 705 haemorrhoidas
553 662 686 703 curat
724 661 770 702 et
808 670 926 716 quae
963 657 1011 702 in
1050 671 1137 702 ano
1172 664 1452 719 nascuntur3
1489 658 1733 717 restringit

135 734 182 775 et
225 731 466 774 menstrua
511 727 653 772 nimia
698 732 744 772 et
789 727 996 786 epaticos
1042 734 1088 773 et
1133 726 1402 787 spleniticos
1444 734 1491 773 et
1526 728 1732 772 tussicos

70 807 112 839 10
135 797 385 845 solitaneos
429 802 563 843 curat
599 801 646 842 et
689 795 862 842 cadivis
906 795 1119 857 prodest,
1164 797 1335 856 accipit
1378 796 1514 843 haec:
1572 795 1731 842 Inulae

137 893 197 901 —
230 866 264 929 Ι,
301 866 492 912 feniculi
529 866 720 912 seminis
758 891 823 898 —
854 864 930 926 ΙΙΙ,
968 867 1145 926 piperis
1182 866 1306 926 nigri
1339 891 1399 898 -
1427 865 1481 912 11.
1541 864 1732 911 Tundes

131 937 247 984 haee
278 937 527 997 separatim
558 943 605 982 et
634 934 863 982 cribrabis
893 935 1012 981 bene
1044 941 1091 982 et
1121 935 1342 982 conficies
1371 935 1444 981 vel
1477 936 1730 996 permisce-

132 1007 206 1053 bis
249 1005 386 1052 melle
432 1007 684 1052 semicocto
726 1011 773 1051 et
810 1004 940 1051 dabis
978 1007 1113 1052 nucis
1150 1005 1371 1051 Ponticae
1410 1004 1731 1067 magnitudine

135 1091 244 1123 cum
281 1090 399 1137 aqua
437 1075 604 1137 calida3
644 1075 830 1135 quidam
868 1075 956 1121 hoc
994 1077 1043 1120 in
1074 1075 1274 1136 oxymeli
1304 1075 1503 1137 solvunt,
1543 1074 1729 1136 quidam

71 1155 113 1187 15
136 1148 184 1192 in
221 1147 328 1192 vino
365 1146 510 1191 mixto
549 1146 798 1207 accipiunt,
836 1144 914 1190 alii
948 1152 1238 1191 consuerunt
1268 1144 1486 1191 cocliario
1517 1146 1730 1205 accipere

134 1229 306 1278 purum
345 1214 402 1260 ad
438 1214 616 1276 lapides
653 1214 902 1261 eiciendos.

275 1284 537 1345 Descriptio
583 1286 726 1345 panni
768 1286 934 1331 rustici
979 1284 1191 1330 facientis
1230 1284 1283 1330 ad
1324 1286 1558 1331 viscerum
1597 1298 1729 1330 cura-

136 1356 313 1402 tionem
351 1355 439 1400 sic:
489 1353 591 1400 0101
626 1353 675 1400 P.
707 1353 747 1415 Ι,
792 1355 1018 1415 axungiae
1055 1355 1228 1400 veteris
1265 1353 1313 1400 P.
1345 1353 1385 1418 I,
1430 1354 1589 1415 butyri
1618 1353 1666 1400 P.
1698 1354 1731 1416 l,

136 1423 309 1471 herbae
348 1423 545 1470 Sabinae
575 1423 623 1470 P.
654 1423 687 1486 Ι,
725 1423 895 1470 barbae
933 1423 1052 1470 Iovis
1083 1423 1131 1470 P.
1161 1423 1181 1469 Ι
1255 1423 1367 1470 Tam
1399 1424 1480 1470 diu
1510 1423 1623 1469 haec
1655 1423 1732 1470 de-

73 1505 115 1536 20
138 1508 331 1555 coques,
371 1493 592 1554 quamdiu
628 1493 799 1539 herbae
838 1500 1071 1554 arescant,
1115 1499 1277 1554 postea
1315 1493 1527 1540 colantur
1572 1499 1619 1540 et
1656 1493 1731 1539 ad-

137 1563 264 1611 ditur
301 1577 435 1609 cerae
465 1562 596 1625 libra,
633 1564 816 1609 resinae
846 1563 894 1610 P.
926 1563 959 1625 I,
996 1564 1171 1609 farinae
1211 1564 1267 1610 de
1298 1563 1453 1624 puleio
1484 1563 1532 1609 P.
1564 1563 1597 1625 I,
1630 1563 1731 1624 pul-

135 1634 259 1679 veris
304 1633 360 1679 de
405 1632 518 1679 baca
561 1633 682 1679 lauri
718 1632 765 1680 P.
797 1632 837 1695 I,
882 1633 938 1679 de
984 1633 1092 1679 fimo
1137 1633 1273 1679 ovillo
1318 1633 1442 1680 unde
1480 1632 1645 1679 ovibus
1682 1635 1731 1679 in

136 1702 241 1749 lana
276 1702 481 1749 haeserit
510 1702 556 1749 P.
588 1703 621 1749 Ι.
686 1702 811 1749 Haec
849 1705 1002 1750 omnia
1039 1705 1088 1749 in
1124 1718 1272 1750 unum
1310 1718 1482 1764 corpus
1512 1703 1732 1764 redigun-

138 1777 217 1818 tur
255 1778 302 1818 et
336 1773 682 1833 permiscentur
719 1779 767 1819 et
801 1774 909 1819 inde
947 1787 1130 1834 pannus
1163 1773 1404 1820 inducitur
1435 1779 1482 1819 et
1515 1775 1732 1833 quotiens

73 1854 115 1885 2⁵
139 1841 340 1888 volueris
379 1847 622 1902 reparatus
660 1843 897 1889 stomacho
935 1843 1200 1903 adponitur.

278 1911 360 1957 Dia
398 1917 624 1974 tessaron,
663 1912 787 1973 quod
821 1912 999 1959 febrem
1031 1913 1163 1959 sedat
1192 1919 1239 1959 et
1268 1913 1447 1959 viscera
1479 1913 1730 1974 componit,

137 1982 307 2042 accipit
343 1980 477 2028 haec:
516 1980 618 2027 Olei
648 1981 873 2028 coclearia
903 1984 1007 2044 tria,
1038 1984 1159 2029 aceti
1189 1981 1415 2029 coclearia
1445 1984 1548 2045 tria,
1579 1982 1731 2028 mellis

137 2049 249 2096 boni
286 2050 548 2111 despumati
586 2051 812 2097 coclearia
850 2054 958 2115 tria,
1003 2054 1100 2098 vini
1141 2053 1315 2098 veteris
1354 2051 1466 2098 boni
1504 2052 1731 2099 coclearia

135 2121 246 2182 tria3
291 2119 404 2166 baec
442 2126 537 2167 tam
579 2121 657 2167 diu
697 2121 1047 2185 decoquuntur,
1094 2121 1314 2182 quamdiu
1353 2124 1506 2167 omnia
1548 2122 1604 2168 ad
1642 2123 1732 2168 tria

73 2201 116 2233 30
139 2189 364 2236 coclearia
400 2190 688 2252 redigantur,
727 2197 773 2238 et
808 2194 871 2238 ita
901 2192 1043 2238 linteo
1075 2191 1265 2238 inducta
1299 2191 1539 2238 stomacho
1570 2205 1732 2252 super-

277 2355 304 2393 4
335 2352 572 2395 acharistu.
750 2357 851 2407 post
879 2353 1130 2407 appellatur
1157 2355 1257 2397 add.
1287 2354 1334 2395 id
1367 2355 1437 2395 est
1466 2352 1559 2395 sine
1589 2353 1733 2407 gratia

138 2408 389 2450 Gornarius.
506 2413 531 2450 5
562 2408 807 2452 olimation.
910 2415 932 2452 7
963 2409 1290 2463 phleumaticis.
1391 2413 1416 2451 8
1445 2408 1730 2452 amorroidas.

138 2467 189 2504 11
228 2463 472 2507 faeniculis.
632 2470 685 2507 14
725 2465 918 2508 oximeli.
1079 2470 1128 2508 19
1166 2466 1320 2507 barba..
1474 2469 1526 2507 21
1571 2465 1732 2519 pulvis,

136 2524 190 2561 22
235 2519 372 2562 ovilli.
564 2526 618 2564 28
657 2527 757 2576 post
799 2521 962 2564 veteris
1005 2523 1177 2576 repetit.-
1235 2521 1321 2563 Dia
1362 2523 1564 2564 tessaron
1612 2520 1733 2574 quod

135 2575 306 2617 febrem
343 2577 470 2618 sedat
507 2578 552 2619 et
588 2578 758 2620 viscera
794 2578 1020 2632 componit
1058 2577 1223 2631 accipit
1258 2579 1368 2620 haee
1407 2577 1493 2620 olei
1524 2575 1733 2619 cocliaria

137 2631 563 2730 igis-›itaieanppglitsriaboni
606 2635 857 2688 despumat-i
901 2634 1110 2676 cocliaria.
1153 2632 1242 2676 tria,
1284 2634 1377 2677 vini
1420 2632 1583 2676 veteris
1627 2632 1732 2674 boni

1761 458 1815 496 93

1761 1295 1816 1333 94

1761 1920 1815 1959 95
