1898 3016
68 340 120 377 14

66 550 116 587 15

65 830 116 868 16

66 970 115 1008 17

65 1179 115 1217 18

61 1948 111 1986 19

60 2018 112 2056 2Ο

58 2158 111 2196 21

57 2367 110 2405 22

57 2506 110 2544 23

57 2574 112 2613 24

761 131 1139 183 -182-

149 261 406 322 inpositum
450 254 753 322 inpetigines,
800 274 914 320 quas
959 259 1125 306 Graeci
1169 261 1320 320 agrias
1359 267 1544 323 vocant,
1587 269 1749 323 poten-

150 331 330 377 tissime
369 336 514 377 sanat.
579 329 883 387 FormiculaS,
922 343 1039 390 quae
1078 328 1396 377 Herculaneae
1434 333 1748 394 nominantur,

149 401 375 447 contritas
414 400 597 446 modico
635 399 729 446 sale
768 399 948 446 adiecto
987 400 1231 461 inpetigini
1268 399 1463 462 adpone,
1504 401 1749 448 miraberis

147 470 429 533 remedium3
467 484 574 516 nam
612 469 829 516 celeriter
867 475 1139 530 expurgant.

288 539 589 601 Impetigines
621 546 667 586 et
696 539 850 600 lepras
880 538 994 585 haec
1026 540 1286 600 conpositio
1315 540 1640 600 potentissime
1672 555 1746 587 ex·
1770 556 1791 588 5

147 611 311 671 tirpat:
349 610 489 656 Turis
512 608 724 672 masculi,
748 610 874 672 nitri,
901 610 1081 670 argenti
1106 623 1311 671 spumae,
1337 609 1577 671 sulphuris
1601 625 1749 672 aequa

147 679 354 741 pondera
402 694 509 726 cum
554 686 686 726 aceto
731 680 829 725 acri
872 684 1094 726 teruntur
1138 685 1184 725 et
1227 678 1420 740 pinnula
1458 681 1748 741 inponuntur

148 750 469 810 siccatumque
507 748 797 796 medicamen
836 748 1009 796 eluitur
1055 754 1102 796 et
1145 763 1335 796 rursum
1376 748 1591 796 inlinitur
1628 750 1746 797 adsi·

147 818 238 866 due
277 818 456 866 elutum
495 826 634 881 atque
672 820 912 866 siccatum.
970 818 1020 864 Si
1055 818 1224 881 locum,
1263 833 1402 879 quem
1433 821 1640 881 inpetigo
1671 820 1745 866 ad-

146 888 279 951 ludit,
318 904 431 936 auro
462 889 837 952 circumscribas,
871 894 1034 950 postea
1064 903 1171 935 eum
1201 891 1390 935 omnino
1421 903 1515 935 non
1546 889 1746 951 adpetet.
1770 904 1812 935 10

148 958 295 1021 Loco,
343 973 482 1021 quem
526 965 766 1020 mentagra
803 958 1061 1021 obsederit,
1109 959 1270 1005 fimum
1307 960 1545 1006 murinum
1583 961 1748 1006 tritum

149 1043 205 1074 ex
243 1035 373 1076 aceto
412 1035 598 1090 oportet
634 1030 799 1090 inponi
827 1028 900 1075 vel
935 1027 1145 1075 eiusdem
1175 1030 1324 1075 muris
1356 1030 1510 1076 exusti
1539 1031 1748 1077 cinerem

147 1112 254 1145 cum
291 1099 393 1146 oleo
432 1099 603 1160 adponi
641 1098 826 1146 salubre
866 1104 950 1145 est.

287 1168 545 1215 Adversum
566 1168 934 1231 elephantiasim,
958 1168 1083 1230 quod
1100 1168 1270 1215 malum
1287 1168 1567 1230 ‘plerumque
1588 1184 1613 1216 3
1630 1170 1746 1217 facie

146 1240 417 1298 auspicatur
454 1240 752 1300 primumque
792 1240 945 1285 oritur
983 1239 1117 1300 quasi
1153 1237 1388 1285 lenticulis
1422 1241 1562 1286 variis
1601 1246 1646 1286 et
1677 1241 1744 1286 in·
1771 1251 1809 1284 15

145 1307 417 1369 aequalibus
443 1315 550 1355 cute
578 1308 680 1355 alba
704 1308 815 1355 alibi
844 1323 1015 1372 crassa,
1047 1307 1157 1355 alibi
1186 1310 1331 1370 tenui,
1361 1308 1600 1371 plerisque
1632 1309 1748 1357 locis

146 1377 263 1424 dura
301 1384 347 1425 et
387 1380 520 1440 quasi
557 1378 744 1425 scabida
783 1385 830 1425 et
867 1378 923 1425 ad
961 1385 1252 1440 postremum
1291 1380 1358 1425 sic
1403 1380 1646 1440 increscit,
1697 1386 1747 1426 ut

146 1447 332 1494 ossibus
371 1463 479 1495 caro
518 1448 740 1495 adstricta
780 1448 1150 1496 tumescentibus
1183 1450 1388 1510 primum
1420 1449 1576 1510 digitis
1607 1455 1745 1511 atque

145 1518 357 1564 articulis
393 1519 675 1566 indurescat.
735 1517 822 1565 Hic
859 1518 1052 1565 morbus
1083 1518 1383 1580 peculiariter
1412 1519 1746 1581 Aegyptiorum

144 1587 331 1649 populis
362 1594 502 1635 notus
534 1594 606 1635 est
636 1603 723 1635 nec
748 1587 900 1635 solum
922 1590 970 1635 in
994 1588 1161 1649 vulgus
1186 1595 1462 1652 extremum,
1494 1589 1575 1635 sed
1607 1591 1746 1636 etiam
1769 1602 1809 1633 20

144 1658 194 1703 in
239 1672 376 1719 reges
421 1659 548 1719 ipsos
594 1658 867 1720 frequenter
915 1659 1125 1719 inrepsit.
1200 1656 1331 1704 Unde
1381 1658 1604 1705 adversus
1657 1659 1745 1706 hoc

143 1727 317 1774 malum
349 1727 463 1775 solia
492 1729 609 1789 ipsis
639 1730 688 1774 in
718 1727 884 1774 balneo
915 1728 1093 1789 repleta
1124 1728 1326 1774 humano
1358 1730 1584 1789 sanguine
1615 1743 1745 1789 para-

144 1796 328 1844 bantur.
381 1797 606 1845 Mustelae
637 1800 782 1859 igitur
812 1804 1002 1845 exustae
1035 1800 1152 1844 cinis
1186 1803 1233 1844 et
1256 1798 1465 1845 eiusdem
1491 1797 1668 1861 beluae,
1699 1799 1746 1845 id

145 1873 218 1914 est
256 1867 531 1932 elephantis,
570 1870 760 1929 sanguis
797 1870 1020 1915 inmixtus
1059 1875 1105 1915 et
1141 1867 1304 1915 inlitus
1342 1867 1610 1914 huiusmodi
1644 1883 1746 1915 cor-

143 1937 338 1999 poribus
377 1938 605 1985 medetur.
672 1938 856 1985 Nitrum
900 1939 1155 1985 contritum
1193 1943 1240 1984 et
1277 1952 1333 1984 ex
1371 1937 1506 1984 melle
1544 1944 1591 1985 et
1627 1937 1745 1985 lacte
1769 1950 1810 1982 25

143 2006 320 2054 bubulo
364 2009 622 2069 inpositum
672 2007 1003 2069 elephantiosis
1057 2007 1262 2068 prodest.
1336 2007 1484 2054 Radix
1535 2010 1746 2070 asparagi

143 2076 334 2124 decocta
371 2080 420 2124 in
458 2084 589 2124 aceto
628 2084 674 2125 et
710 2079 820 2125 trita
858 2077 1191 2139 elephantiosis
1235 2077 1573 2124 rationabiliter
1613 2079 1743 2139 inpo-

143 2148 284 2194 nitur.
345 2147 589 2194 Mentastri
626 2147 734 2194 folia
773 2148 1156 2195 commanducata
1193 2146 1266 2193 vel
1303 2149 1503 2194 contrita
1535 2148 1744 2208 adposita

143 2216 476 2278 elephantiosis
520 2218 789 2281 medentur,
836 2218 976 2265 cedro
1023 2232 1209 2279 quoque
1254 2215 1385 2263 tabes
1429 2216 1505 2263 illa
1551 2217 1742 2264 adsidue

141 2293 370 2348 peruncta
410 2294 613 2334 sanatur.
793 2298 796 2302 ·
1767 2299 1807 2330 30

281 2356 364 2403 Fel
401 2359 616 2404 ursinum
653 2357 863 2419 leprosos
901 2357 1149 2404 admodum
1187 2363 1340 2419 sanat,
1379 2357 1420 2402 si
1457 2370 1511 2402 eo
1550 2356 1742 2403 adsidue

140 2426 456 2490 perlinantur3
495 2428 637 2488 adeps
676 2442 862 2489 quoque
902 2429 1003 2474 eius
1040 2427 1207 2473 livores
1247 2432 1293 2472 et
1328 2425 1532 2472 maculas
1567 2427 1740 2473 eximit.

141 2495 247 2557 Apii
278 2511 438 2543 semen
470 2503 517 2543 et
547 2497 705 2544 anethi
735 2504 952 2544 conteres
983 2503 1030 2543 et
1061 2511 1167 2543 cum
1191 2495 1326 2542 melle
1351 2495 1569 2542 miscebis
1601 2504 1740 2557 atque

142 2566 251 2611 inde
297 2566 620 2614 malandriosis
668 2573 892 2628 quantum
937 2567 1138 2613 sufficiat
1175 2566 1392 2626 adpones.
1466 2565 1596 2612 Inula
1634 2580 1741 2613 con-

142 2636 252 2681 trita
291 2637 587 2698 inpositaque
625 2638 777 2697 primo
817 2636 1004 2698 quidem
1037 2635 1335 2698 exulcerabit,
1374 2635 1542 2682 deinde
1575 2650 1741 2697 expur·
1764 2647 1805 2679 35

141 2711 244 2766 gata
290 2707 413 2751 omni
459 2705 586 2767 lepra
636 2707 914 2767 detersaque
959 2707 1086 2766 putri
1133 2713 1178 2751 et
1222 2705 1376 2752 tabida
1423 2711 1530 2751 cute
1575 2719 1741 2751 novam

142 2774 434 2836 similemque
466 2782 623 2822 cetero
655 2777 843 2837 corpori
873 2775 1036 2822 reddet
1067 2789 1153 2821 nec
1186 2777 1430 2822 cicatrices
1455 2775 1612 2822 foedas
1637 2789 1738 2821 esse
