1898 3016
81 448 132 484 39

81 657 135 693 40

80 1004 131 1040 41

78 1421 131 1458 42

79 1701 131 1738 43

78 1979 132 2016 44

78 2118 132 2156 45

78 2257 131 2294 46

78 2325 130 2364 47

770 100 1013 149 —238
1091 128 1151 135 —

167 235 214 275 et
258 243 413 290 panno
458 227 703 274 inductum
750 242 892 288 super
938 227 1147 288 splenem
1189 228 1400 289 inponito
1439 234 1485 276 et
1521 243 1613 276 una
1648 229 1764 276 hora

167 298 367 345 calidum
404 297 577 344 habere
615 299 855 360 permitte,
901 299 1101 344 maximo
1140 311 1248 343 eum
1284 298 1493 359 periculo
1530 299 1765 363 liberabis,

167 370 207 415 si
244 370 431 429 saepius
467 368 515 414 id
553 367 735 414 feceris.

306 437 407 484 Alei
442 439 631 498 purgati
667 438 818 498 capita
849 438 951 499 tria,
982 437 1131 498 adipis
1160 438 1382 499 porcinae
1412 439 1607 485 nimium
1637 445 1764 486 vetu-

166 514 312 555 statae
349 507 398 554 P.
437 522 583 554 unum
622 506 762 553 simul
799 513 1015 553 conteres
1047 512 1093 553 et
1129 521 1281 568 panno
1313 507 1507 554 induces
1545 514 1592 554 et
1621 523 1763 570 supra
1789 520 1809 552 5

166 577 374 624 dolorem
411 577 547 623 lienis
585 578 783 638 inpones
822 584 868 623 et
905 576 1044 622 fascia
1084 577 1350 638 conligabis.

307 646 460 708 Conii,
504 646 551 692 id
591 652 663 692 est
700 647 902 708 cicutae,
939 646 1110 693 radicis
1150 646 1199 694 P.
1238 661 1406 711 unum,
1451 647 1599 708 adipis
1637 653 1764 694 vetu-

166 723 312 764 statae
342 716 552 763 hircinae
582 716 632 762 P.
665 730 826 780 unum,
857 716 944 762 alei
974 718 1161 777 purgati
1190 717 1240 763 P.
1272 731 1431 774 unum,
1463 716 1552 763 olei
1582 717 1764 764 cedrini

165 786 213 833 P.
252 801 399 833 unum
437 786 575 833 simul
614 792 738 832 teres
776 791 822 832 et
859 800 1007 846 genus
1044 786 1330 848 malagmatis
1368 787 1510 833 facies
1545 793 1592 833 et
1621 801 1764 848 supra

166 856 375 918 splenem
421 855 629 916 alligabis
673 870 760 902 nec
808 861 914 902 ante
961 863 1179 916 quartum
1223 856 1347 903 diem
1384 856 1555 919 solves3
1601 859 1761 903 certis·
1789 869 1828 899 10

166 928 329 973 simam
368 927 489 972 scies
526 925 646 972 hanc
684 940 787 972 esse
824 925 1116 973 medicinam.

307 994 547 1057 Optimum
586 995 736 1057 spleni
773 996 1033 1042 remedium
1063 995 1153 1042 tale
1186 1002 1276 1043 est:
1314 995 1567 1042 Gentianae
1597 1002 1764 1042 tunsae

165 1065 437 1112 cocliarium
484 1065 749 1126 dimidium,
801 1065 921 1111 fellis
974 1071 1127 1112 terrae
1176 1071 1342 1111 tunsae
1394 1065 1611 1112 cocliaria
1660 1067 1764 1128 tria,

167 1135 355 1182 feniculi
393 1136 524 1181 tunsi
561 1134 759 1180 cocliare
797 1149 942 1181 unum
982 1140 1027 1181 et
1065 1135 1310 1181 dimidium
1346 1134 1480 1181 bibes
1518 1149 1574 1181 ex
1610 1136 1764 1196 picato

164 1220 294 1252 mero
332 1204 405 1251 vel
442 1206 577 1264 nigro
617 1210 804 1250 austero
842 1204 1094 1266 tepefacto,
1140 1206 1204 1251 ita
1245 1210 1298 1251 ut
1336 1204 1585 1265 diligenter
1622 1219 1764 1266 supra
1789 1216 1828 1247 15

165 1276 367 1336 scriptae
414 1275 595 1335 species
643 1273 873 1320 cribratae
919 1275 967 1320 in
1010 1274 1231 1335 pollinem
1278 1274 1552 1335 redigantur
1605 1280 1650 1321 et
1696 1276 1764 1321 sic

163 1346 552 1405 permisceantur.

304 1413 501 1460 Rubiam
539 1413 754 1475 herbam,
801 1428 889 1474 qua
928 1414 1182 1460 infectores
1219 1420 1441 1476 utuntur,
1482 1420 1669 1461 tunsam
1705 1428 1762 1460 ex

162 1486 315 1545 picato
347 1483 418 1530 vel
450 1489 638 1530 austero
669 1482 743 1529 vel
772 1485 907 1543 nigro
937 1485 1044 1530 vino
1075 1489 1156 1529 aut
1187 1499 1243 1529 ex
1273 1498 1413 1544 posca
1438 1483 1569 1530 dabis
1599 1483 1761 1530 biben-

163 1554 269 1600 dam
313 1555 470 1599 Ieiuno
516 1553 761 1613 splenitico
808 1553 1112 1613 amplitudine
1164 1555 1298 1599 nucis
1347 1553 1600 1616 avellanae,
1653 1568 1760 1600 con·
1784 1562 1827 1593 20

163 1624 318 1670 festim
355 1623 579 1683 proderit.

303 1692 556 1739 Laudabile
595 1691 853 1753 spleniticis
891 1692 1152 1738 remedium
1190 1694 1278 1740 sic:
1319 1692 1506 1739 Hieram
1545 1692 1761 1756 botanen,

165 1777 282 1824 quae
320 1761 524 1808 verbena
563 1761 834 1824 appellatur,
873 1762 1108 1808 contunde
1147 1777 1255 1809 cum
1293 1764 1491 1824 axungia
1526 1768 1681 1809 vetere
1714 1769 1762 1809 et

163 1833 403 1879 inductam
439 1833 489 1878 in
526 1846 679 1894 panno
719 1831 821 1878 albo
862 1831 1034 1878 mundo
1078 1833 1250 1893 inpone
1289 1832 1555 1895 splenitico;
1600 1831 1759 1879 dolore

165 1902 324 1948 sedato
363 1901 543 1948 videbis
582 1903 888 1962 sanguineum
924 1901 1093 1963 locum,
1129 1903 1177 1948 in
1216 1917 1307 1963 quo
1347 1902 1479 1948 dolor
1516 1903 1670 1949 fuerit.
1782 1910 1824 1942 25

306 1971 441 2018 Solea
478 1973 619 2032 piscis
658 1971 809 2032 spleni
846 1973 1087 2032 inponitur
1117 1971 1190 2018 vel
1220 1972 1415 2033 torpedo
1453 1972 1525 2019 vel
1553 1971 1761 2035 rombus,

164 2041 246 2088 sed
283 2042 515 2102 inpositus
553 2055 744 2088 rursum
780 2042 912 2088 vivus
948 2042 997 2087 in
1034 2055 1162 2087 mare
1198 2044 1430 2104 mittatur,
1467 2044 1585 2088 mire
1622 2042 1759 2103 prod-

164 2116 248 2157 est.
303 2109 394 2165 Qui
431 2111 622 2157 cottidie
660 2113 846 2157 ieiunus
885 2125 1042 2173 serum
1077 2126 1351 2174 caprunum,
1383 2112 1463 2157 sed
1495 2126 1656 2158 earum
1686 2126 1758 2157 ca-

163 2180 404 2243 pellarum,
436 2195 552 2242 quae
584 2180 756 2227 hedera
779 2187 1051 2242 pascuntur,
1082 2180 1267 2243 biberit,
1299 2180 1457 2242 splene
1482 2187 1757 2241 consumpto

163 2252 266 2298 erit.
307 2250 659 2297 Sarmentorum
692 2251 810 2297 cinis
841 2252 962 2297 aceti
992 2250 1170 2311 cyathis
1201 2250 1382 2297 duobus
1413 2265 1633 2311 aspersus
1658 2265 1754 2296 rec·
1780 2260 1821 2290 30

164 2322 342 2366 tissime
375 2320 552 2366 lienoso
584 2322 742 2367 ieiuno
774 2335 831 2366 ex
861 2335 980 2381 aqua
1004 2320 1159 2381 tepida
1182 2320 1319 2366 datur
1343 2319 1585 2366 bibendus.
1625 2319 1756 2366 Cani-

163 2404 252 2437 nus
292 2389 423 2450 splen
458 2404 625 2436 recens
657 2404 798 2452 supra
829 2389 1037 2451 splenem
1068 2390 1269 2436 hominis
1299 2391 1540 2450 inponitur
1572 2390 1755 2436 dicente

163 2474 238 2522 eo,
278 2461 359 2520 qui
397 2460 609 2522 adponit,
646 2460 904 2506 remedium
943 2474 992 2506 se
1031 2459 1181 2520 spleni
1218 2460 1384 2521 facere,
1425 2465 1587 2520 postea
1625 2460 1757 2520 splen

303 2585 327 2620 2
358 2579 616 2633 periculum.
767 2585 793 2622 4
823 2583 1045 2634 purcinae.
1203 2579 1440 2621 vetustate.
1600 2583 1651 2620 18
1688 2593 1756 2622 ro-

162 2634 294 2676 biam.
480 2640 533 2678 28
579 2649 723 2678 serum
769 2635 1024 2689 caprunum]
1071 2647 1220 2676 ervum
1258 2635 1402 2688 Plin„
1453 2639 1499 2677 at
1542 2635 1595 2686 cf.
1634 2635 1752 2678 Plin.

162 2704 204 2732 n.
227 2691 267 2732 h.
292 2695 367 2743 28,
401 2695 492 2732 130.
638 2696 689 2733 31
724 2704 750 2732 3,
778 2692 958 2733 lienoso.
1085 2690 1141 2732 da
1169 2689 1424 2732 bibendum.
1549 2688 1753 2745 caninus]

160 2745 344 2800 pecudis
374 2747 491 2789 Ptin.
