1930 3008
885 97 1338 185 -350-=⁴

191 277 243 314 21
276 265 454 314 utiliter
499 273 677 315 curant..
751 267 939 330 Caprini
985 270 1099 315 corii
1147 269 1265 315 cinis
1311 283 1366 315 ex
1414 268 1514 315 oleo
1559 268 1719 316 inlitus
1763 284 1866 331 per-

189 347 242 385 22
273 339 438 384 niones
468 339 618 398 prime
642 337 808 386 abolet.
862 338 1131 385 Testudinis
1156 345 1375 399 tegumen
1398 346 1723 386 concrematur
1746 340 1866 386 eius-

275 421 365 468 que
418 407 568 453 favilla
620 422 676 454 ex
721 402 826 454 vino
876 414 923 454 et
966 407 1067 454 oleo
1108 413 1364 469 temperata
1408 408 1647 473 ulceribus
1694 408 1866 470 pedum

190 486 242 524 23
273 476 451 523 utiliter
501 477 754 524 inducitur.
831 477 996 524 Scillae
1048 477 1178 523 bulbi
1231 478 1353 538 quod
1398 479 1597 525 interius
1643 486 1716 524 est
1759 493 1867 525 cum

274 546 375 593 oleo
414 546 623 593 defervet
660 561 808 608 eoque
848 547 948 593 oleo
988 546 1171 593 dolores
1209 549 1487 608 pernionum
1530 549 1748 609 peruncti
1785 550 1865 595 mi·
1888 562 1910 595 5

273 622 473 663 tescunt.

189 694 243 733 24
414 685 543 732 Mora
587 688 808 748 agrestia,
853 687 964 733 dum
1009 687 1160 734 adhuc
1204 686 1396 750 rubent,
1442 692 1691 749 antequam
1728 687 1868 734 ullius

273 757 459 816 generis
496 771 681 803 morum
711 757 985 820 comederis,
1023 758 1145 803 inter
1175 772 1339 804 manus
1375 758 1581 804 confrica
1611 771 1867 819 eorumque

273 839 385 872 suco
418 840 570 889 crura,
602 840 719 887 quae
752 826 909 873 dolere
941 833 1242 889 consuerunt,
1273 841 1358 888 per
1387 827 1596 874 triduum
1627 829 1867 890 continge3

272 909 366 941 non
411 895 547 942 modo
593 901 887 957 praesentem
931 896 1190 943 molestiam
1229 896 1482 960 mitigabis,
1528 911 1690 943 verum
1729 898 1867 943 etiam
1890 914 1930 947 ιο

272 966 320 1010 in
359 964 593 1026 reliquum
630 971 816 1026 tempus
855 981 908 1012 eo
947 968 1057 1013 vitio
1097 966 1291 1013 carebis.

189 1043 244 1082 25
414 1034 628 1081 Alumine
668 1050 723 1081 ex
761 1042 892 1082 aceto
929 1038 1148 1096 peruncti
1176 1038 1427 1097 perniones
1458 1043 1701 1099 sanantur3
1738 1036 1867 1083 bras-

274 1105 369 1151 sica
409 1119 594 1166 quoque
632 1107 742 1151 trita
780 1105 1085 1167 adpositaque
1122 1106 1428 1167 pernionibus
1464 1107 1691 1153 medetur.

187 1183 240 1221 26
414 1173 617 1237 Folium,
663 1180 865 1236 costum,
911 1175 1095 1222 alumen
1141 1175 1391 1239 liquidum,
1437 1175 1622 1222 alumen
1667 1178 1867 1223 scissum

271 1245 373 1304 pari
408 1244 617 1305 pondere
655 1245 703 1290 in
741 1259 886 1291 unum
925 1252 1115 1292 contere
1154 1251 1200 1291 et
1236 1247 1342 1292 vino
1380 1248 1528 1293 veteri
1565 1248 1707 1292 mixta
1744 1246 1866 1293 ulce-
1891 1262 1930 1295 15

272 1312 404 1359 ribus
444 1315 540 1359 sive
577 1315 789 1375 rupturis
827 1314 1065 1361 hiantibus
1102 1315 1405 1376 interdigitiis
1452 1316 1643 1362 adsidue
1681 1318 1866 1377 inpone,

187 1392 239 1431 27
270 1388 488 1443 potenter
526 1383 787 1431 medebere.
846 1384 1136 1445 Interdigitia
1167 1391 1298 1432 sanat
1328 1400 1435 1432 cera
1464 1387 1512 1432 in
1542 1385 1644 1432 oleo
1675 1388 1867 1447 cyprino

270 1453 467 1499 remissa
505 1459 551 1499 et
587 1454 802 1514 inposita.

186 1532 239 1570 28
410 1522 574 1569 Pulmo
613 1525 830 1570 cervinus
868 1525 1099 1585 inpositus
1138 1531 1184 1570 et
1221 1539 1358 1586 saepe
1396 1531 1645 1572 renovatus
1684 1540 1740 1571 ex
1779 1525 1866 1571 cal-

188 1602 239 1639 29
273 1592 503 1638 ciamento
535 1592 683 1639 laesos
715 1593 859 1653 pedes
889 1595 989 1640 sine
1020 1594 1178 1640 dolore
1201 1601 1433 1655 persanat.
1470 1595 1732 1656 Leporinus
1756 1610 1866 1656 quo·
1890 1611 1930 1642 2ο

272 1676 362 1722 que
401 1662 560 1722 pulmo
598 1662 744 1708 multo
784 1663 1020 1710 efficacius
1060 1670 1112 1710 ut
1151 1678 1289 1726 supra
1330 1666 1562 1725 inpositus
1601 1672 1747 1712 curat.

186 1742 239 1779 30
412 1732 480 1778 Ad
513 1747 579 1794 ea,
618 1747 736 1793 quae
768 1733 940 1779 calcata
971 1742 1122 1797 erunt,
1157 1740 1204 1781 et
1235 1749 1300 1796 ea,
1340 1749 1457 1795 quae
1489 1737 1676 1795 corpori
1711 1734 1867 1780 inhae-

274 1803 435 1864 serint,
474 1801 757 1848 extrahenda
794 1802 967 1863 leporis
1006 1803 1251 1864 coagulum
1289 1819 1396 1850 cum
1430 1804 1577 1850 malva
1605 1806 1768 1851 tritum
1799 1806 1866 1850 in-

186 1881 237 1918 31
273 1872 573 1932 positumque
618 1879 835 1932 potenter
882 1873 1198 1934 opitulabitur.
1267 1873 1465 1934 Sfongea
1509 1873 1581 1920 vel
1617 1874 1719 1920 lana
1755 1873 1866 1920 lotio

271 1941 527 1987 madefacta
577 1942 880 2003 adpositaque
933 1944 1032 1989 sine
1085 1943 1244 1990 dolore
1299 1958 1417 2004 quae
1471 1946 1657 2005 corpori
1709 1943 1863 1990 inhae-
1888 1958 1929 1990 25

272 2012 421 2057 serint
459 2012 633 2058 eximit.

186 2090 238 2127 32
413 2079 462 2126 Si
493 2082 653 2141 stirpis
685 2080 836 2142 aliqua
865 2082 1133 2145 inhaeserit,
1164 2083 1384 2129 lacertam
1415 2097 1499 2144 per
1522 2082 1727 2129 medium
1752 2085 1863 2129 scis-

275 2164 372 2196 sam
404 2152 448 2196 ei
477 2150 578 2196 loco
611 2153 844 2215 apponite,
877 2152 1120 2198 celerrime
1153 2153 1400 2215 educetur3
1439 2152 1510 2199 vel
1541 2154 1690 2213 capita
1720 2152 1863 2198 lacer-

271 2226 426 2265 tarum
465 2227 660 2267 contusa
698 2223 991 2283 inpositaque
1031 2222 1244 2268 similiter
1281 2229 1492 2284 prosunt.

185 2298 237 2336 33
412 2289 461 2336 Si
492 2290 646 2336 echini
677 2290 826 2337 aculei
855 2291 1054 2352 pedibus
1077 2292 1365 2339 inhaeserint
1389 2298 1467 2338 aut
1491 2291 1628 2338 alicui
1652 2294 1863 2352 corporis
1886 2307 1927 2338 30

267 2361 411 2422 parti,
450 2361 496 2406 in
534 2359 645 2406 lotio
684 2360 887 2407 humano
926 2361 1094 2408 calenti
1130 2362 1296 2423 pedem
1335 2362 1414 2408 diu
1452 2367 1574 2423 tene,
1616 2360 1748 2407 facile
1787 2376 1861 2407 ex-

269 2430 522 2476 cutientur.
1249 2429 1256 2436 ’

185 2506 239 2543 34
412 2498 706 2562 ObservabiS,
737 2506 790 2546 ut
822 2501 1147 2562 quodcumque
1180 2501 1235 2547 de
1269 2514 1465 2560 corpore
1498 2500 1639 2546 fuerit
1663 2501 1863 2546 eiectum

268 2567 374 2613 licio
414 2568 650 2628 alligatum
689 2569 966 2616 candelabro
1006 2570 1262 2631 suspendas
1297 2577 1377 2616 aut
1407 2575 1546 2615 uncta
1577 2569 1677 2616 oleo
1709 2569 1862 2617 lanula

408 2733 432 2770 5
463 2729 700 2774 mitiscunt.
835 2737 884 2774 16
917 2730 1225 2785 interdigitiis]
1258 2730 1547 2785 interdigitia.
1672 2735 1724 2772 23
1756 2744 1859 2783 qua-

267 2783 432 2837 gulum.
550 2789 601 2827 25
634 2798 825 2840 corpore.
942 2791 995 2828 27
1027 2787 1063 2827 si
1093 2800 1169 2828 om.
1290 2791 1342 2828 28
1374 2786 1597 2841 opponito.
