1898 3016
745 135 1124 185 —149-

143 267 306 315 laseris
343 280 483 328 grana
521 266 603 327 111,
642 266 871 313 satureiae
915 262 1157 324 pusillum,
1202 261 1279 308 alii
1324 263 1475 323 spicas
1513 261 1730 309 undecim

142 344 268 385 teres
305 343 352 383 et
389 335 631 383 calefacies
667 333 900 382 flammula
936 334 1069 380 tenui
1105 339 1243 393 atque
1281 331 1388 378 inde
1428 331 1598 378 collum
1629 332 1730 377 eius

143 413 191 454 et
226 406 382 453 fauces
419 405 774 466 diligentissime
812 402 1103 464 perfricabiS‚
1141 403 1222 463 qui
1259 401 1315 447 de
1347 401 1520 448 tolibus
1554 400 1730 447 labora-

142 475 224 523 bit.
288 475 562 522 Remedium
605 474 736 520 valde
781 480 962 520 certum
1007 478 1054 519 et
1091 471 1204 518 utile
1250 471 1454 518 saucium
1491 470 1730 517 doloribus
1761 476 1814 515 89

99 561 120 592 5
144 547 223 592 sic.
298 544 485 592 Scribes
521 546 569 590 in
607 544 765 590 charta
802 543 940 589 haec:

427 642 579 695 Εἶδον
607 650 792 708 τριμερῆ
822 645 1018 708 χρύσεον
1051 641 1297 693 Τοοὶναδον

427 715 523 764 Καὶ
551 712 863 778 ταρταρούχου
894 713 930 778 †
959 729 1144 777 χακεσιν
1177 712 1506 775 Τουσοῖναδον,

426 782 595 834 Σῶσόν
625 803 679 847 με
708 783 843 846 σεμνὲ
873 783 1095 847 νερτέρων
1125 780 1356 847 ὑπέρτατε.

144 906 280 953 quam
318 891 524 937 chartam
561 891 609 936 in
645 889 890 951 phoenicio
929 888 1193 935 obvolutam
1229 888 1324 934 lino
1356 887 1609 949 conligabis
1640 887 1732 934 col-

81 976 121 1006 10
143 961 280 1022 loque
318 959 575 1021 suspendes
611 960 989 1020 meminerisque‚
1027 964 1080 1005 ut
1116 958 1320 1004 mundus
1358 957 1471 1003 haec
1509 958 1650 1004 facias
1687 963 1734 1003 et

142 1045 201 1077 ne
239 1031 376 1077 tertia
412 1044 551 1076 manu
588 1030 821 1090 scriptura
858 1033 1087 1089 tangatur.

283 1099 456 1146 Gallam
493 1105 678 1145 tunsam
716 1104 763 1144 et
799 1098 1048 1144 cribratam
1087 1103 1225 1157 atque
1264 1096 1448 1143 alumen
1479 1102 1732 1157 utrumque
1763 1103 1817 1141 90

145 1170 305 1230 aequis
342 1168 637 1229 portionibus
675 1181 830 1214 sumes
869 1175 914 1214 et
950 1169 1081 1228 prius
1119 1168 1166 1212 in
1206 1166 1341 1212 ollam
1380 1181 1545 1212 novam
1577 1167 1732 1212 mittes

145 1244 191 1284 et
227 1237 319 1284 mel
355 1237 531 1284 bonum
567 1242 706 1298 atque
745 1242 927 1283 acetum
958 1237 1184 1297 optimum
1223 1236 1395 1282 adicies
1427 1241 1474 1282 et
1506 1237 1554 1281 in
1585 1249 1732 1281 unum

81 1320 121 1351 15
145 1308 377 1368 decoques
423 1314 560 1368 atque
603 1306 712 1352 inde
758 1307 933 1352 orificia
977 1307 1243 1366 geusiarum
1289 1311 1336 1351 et
1373 1305 1530 1352 fauces
1567 1306 1733 1350 intrin—

144 1391 281 1423 secus
311 1375 599 1438 perfricabis.
658 1374 960 1438 vettonicam,
998 1376 1313 1437 argimoniam‚
1351 1374 1613 1436 verbenam,
1655 1388 1731 1420 ru·
1763 1380 1816 1418 91

143 1446 276 1508 bum,
314 1447 629 1507 senecionem,
665 1450 890 1507 mentam,
927 1444 1216 1491 cucurbitam
1256 1446 1447 1505 siccam,
1492 1444 1602 1490 hinc
1640 1458 1732 1490 am-

142 1515 266 1576 plius
302 1517 460 1561 mittes
490 1514 652 1561 sardae
684 1520 822 1575 caput
853 1519 1071 1576 assatum,
1109 1515 1285 1575 piperis
1319 1514 1568 1574 modicum,
1606 1519 1733 1559 teres

142 1584 259 1631 haec
303 1585 455 1630 omnia
500 1583 747 1644 diligenter
790 1593 836 1630 et
879 1583 1098 1630 miscebis
1144 1589 1190 1629 et
1231 1585 1298 1629 sic
1336 1584 1474 1630 etiam
1512 1597 1596 1643 per
1632 1584 1733 1643 pin-

80 1667 122 1697 20
143 1653 298 1700 nulam
337 1653 579 1700 delicatam
616 1652 829 1700 faucibus
865 1655 1066 1715 inseres3
1106 1654 1223 1699 mire
1260 1653 1349 1700 hoc
1387 1652 1594 1698 remedio
1633 1666 1731 1698 car-

144 1722 400 1769 bunculum
438 1729 485 1769 et
522 1722 748 1784 quidquid
781 1722 887 1768 mali
916 1724 1037 1769 intra
1069 1723 1227 1769 fauces
1258 1724 1348 1769 erit
1378 1721 1578 1769 curabis.
1630 1721 1733 1768 Olei
1763 1727 1817 1766 92

143 1792 253 1838 boni
284 1792 500 1853 cyathum
531 1806 675 1838 unum
708 1799 754 1838 et
784 1795 998 1839 sucinum
1023 1807 1184 1838 verum
1211 1793 1260 1838 in
1284 1791 1420 1838 ollam
1443 1805 1609 1838 novam
1631 1793 1734 1838 mit-

144 1869 216 1908 tes
261 1867 399 1922 atque
446 1861 502 1907 ad
539 1861 714 1908 medias
753 1861 1007 1924 decoques,
1056 1861 1222 1908 deinde
1262 1863 1479 1908 sucinum
1515 1860 1651 1907 tolles
1689 1868 1735 1907 et

146 1930 395 1977 combures
432 1936 479 1976 et
517 1937 639 1977 teres
670 1936 716 1977 et
744 1930 982 1992 pulverem
1014 1933 1114 1977 eius
1144 1932 1192 1976 in
1224 1931 1377 1977 oleum
1416 1945 1556 1991 supra
1588 1932 1734 1991 scrip-

81 2011 122 2043 25
145 2006 244 2046 tum
289 2001 448 2046 mittes
496 2005 543 2046 et
593 2014 683 2046 una
735 2001 907 2047 iterum
958 2000 1205 2061 diligenter
1255 2007 1381 2047 teres
1433 2007 1572 2061 atque
1624 2000 1732 2046 inde

143 2069 330 2127 tolihus‚
369 2070 585 2130 quotiens
622 2083 740 2130 opus
771 2070 926 2132 suerit,
961 2070 1188 2132 adpones3
1226 2071 1482 2131 experieris
1514 2084 1734 2130 magnum

144 2138 415 2185 remedium.

283 2207 349 2254 Ad
381 2208 615 2269 parotidas
647 2209 864 2254 convenit
890 2216 1088 2254 noctuae
1112 2207 1395 2255 cerebellum
1418 2207 1587 2270 butyro
1618 2209 1732 2254 mix·
1765 2214 1818 2252 93

144 2282 243 2323 tum
274 2277 462 2339 adponi3
493 2278 686 2324 discutit
716 2279 839 2324 enim
870 2278 968 2324 fere
999 2292 1076 2324 eas
1108 2279 1208 2324 sine
1239 2277 1398 2324 dolore
1433 2284 1478 2324 et
1508 2277 1733 2324 molestia.

82 2357 123 2387 30
147 2345 343 2407 Oportet
386 2352 542 2393 autem
588 2361 706 2408 aqua
743 2348 920 2393 marina
959 2347 1157 2394 ferventi
1200 2349 1331 2393 novis
1384 2347 1589 2408 sfongeis
1639 2346 1734 2394 illic

146 2415 370 2462 demersis
410 2422 456 2463 et
493 2416 636 2463 linteo
673 2416 745 2463 vel
784 2416 953 2463 sabano
998 2418 1172 2463 intorto
1217 2418 1454 2478 utrimque
1499 2418 1734 2477 expressis

146 2499 367 2546 vaporare
399 2500 474 2532 eas
502 2491 639 2547 atque
663 2488 726 2533 ita
751 2485 948 2532 oblinire
972 2486 1060 2532 hoc
1084 2486 1473 2532 medicamentum
1498 2500 1734 2547 superque

259 2609 282 2645 6
322 2604 715 2658 τριμερυχροισέον.
837 2607 936 2658 fort.
971 2606 1190 2648 Θάνατον.
1315 2611 1338 2648 7
1369 2607 1732 2653 τουσαναδοντες.

145 2662 171 2699 8
216 2658 357 2701 σῶσόν
403 2661 662 2703 (lorum-ius.-
706 2675 827 2703 σουν.
1005 2662 1584 2717 σεμνερνερτερονυτερβατε
1623 2662 1734 2714 (sic).

148 2719 172 2755 9
203 2713 404 2758 foenicio.
558 2721 607 2758 16
637 2716 901 2759 vetonicam.
1047 2722 1097 2759 16
1129 2717 1407 2759 Senicionem.
1550 2723 1604 2760 20
1634 2717 1733 2758 dili·

145 2772 310 2822 gatam.
425 2775 478 2813 30
508 2785 667 2825 aquam
696 2771 924 2816 marinam.
1040 2772 1246 2828 ferventi]
1279 2773 1508 2826 frequenti.
