1898 3016
835 96 1221 146 -76-‘

210 227 420 289 gendam,
458 227 706 273 conficitur
743 227 831 273 sic:
891 224 1028 272 Croci
1068 250 1127 258 —
1161 223 1223 286 II,
1259 226 1435 287 piperis
1472 224 1564 272 albi
1601 227 1800 288 unciam,

209 297 471 358 aphronitri
528 298 741 359 unciam,
801 310 983 357 myrrae
1043 295 1256 355 unciam,
1314 294 1464 341 mellis
1515 295 1657 342 Attici
1717 310 1800 342 un-

210 368 342 413 ciam.
415 365 615 413 Crocum
660 372 707 413 et
746 367 881 427 piper
919 379 976 411 ex
1014 366 1117 410 vino
1157 370 1303 427 teres,
1347 366 1596 411 novissime
1635 365 1802 426 aphro-

210 438 384 483 nitrum
424 443 470 483 et
507 451 709 498 myrram
748 449 960 482 seorsum
999 440 1215 481 conteres
1254 440 1300 480 et
1338 436 1404 481 sic
1444 436 1660 481 universa
1695 449 1802 481 con-

127 508 381 567 109iunges
428 512 567 567 atque
613 506 668 552 ad
714 504 1077 552 suffundendum
1129 505 1276 550 uteris
1322 519 1376 550 ex
1426 504 1574 550 melle.
1650 503 1846 565 Hygra5

207 576 425 638 mirifica,
468 591 586 637 quae
625 581 671 622 et
709 575 930 636 caligines
968 573 1111 634 abigit
1149 581 1194 620 et
1233 573 1379 621 oculis
1418 575 1607 620 suffusis
1645 574 1804 620 lumen

207 648 452 708 instaurat,
491 647 660 706 accipit
696 645 830 692 haec:
869 643 1166 706 Opobalsami
1205 638 1266 710 ,9³
1298 643 1373 706 III,
1410 658 1591 705 myrrae
1632 637 1693 710 ῼα
1726 642 1803 706 111,

208 717 488 777 opopanacis
534 709 647 782 „9⁴1
686 715 739 778 S,
784 714 934 762 mellis
979 715 1121 760 Attici
1173 713 1403 760 selibram.
1478 712 1801 774 Opopanacem

206 788 411 848 primum
457 800 512 832 ex
557 787 663 832 vino
700 792 826 832 teres
865 784 1132 847 diligenter,
1170 790 1269 830 tum
1306 797 1508 845 myrram
1547 783 1719 829 adicies
1758 791 1804 829 et

208 864 357 918 teres,
402 863 692 917 postremum
739 854 1087 916 opobalsamum
1132 853 1273 899 addes
1311 859 1450 914 atque
1490 854 1643 899 omnia
1681 867 1801 899 com·
1828 867 1868 898 10

209 928 414 973 muniter
452 926 647 972 terendo
688 924 965 972 admiscebis
1000 930 1046 970 et
1076 929 1237 984 postea
1268 923 1324 969 ad
1355 923 1675 983 inungendum
1709 930 1806 969 ute-

127 997 295 1044 110ris.
348 995 489 1042 Fellis
519 995 758 1056 gallinacei
790 994 864 1041 vel
892 994 1131 1055 vulturini,
1163 993 1286 1054 quod
1317 992 1452 1054 longe
1490 994 1635 1053 magis
1670 992 1805 1053 prod-

209 1071 300 1127 est,
350 1065 607 1126 scripulum
658 1072 703 1112 et
747 1064 899 1111 mellis
937 1065 1102 1124 optimi
1146 1064 1331 1109 unciam
1375 1062 1493 1109 bene
1543 1064 1652 1108 trita
1698 1076 1805 1109 con-

208 1137 374 1196 iunges
421 1142 559 1196 atque
606 1137 653 1181 in
696 1135 863 1196 pyxide
910 1147 1082 1193 cuprea
1126 1132 1319 1178 habebis
1366 1139 1412 1178 et
1450 1138 1711 1193 opportune
1751 1132 1805 1178 ad

208 1205 529 1266 inungendum
566 1206 736 1266 uteris,
782 1204 871 1250 hoc
910 1203 1024 1249 nihil
1062 1203 1299 1262 potentius
1339 1201 1580 1263 caliginem
1621 1201 1805 1248 relevat.
1832 1215 1871 1246 15

126 1274 310 1321 111Ros
356 1276 660 1338 matutinum,
708 1274 833 1335 quod
871 1273 1128 1319 inhaeserit
1173 1278 1326 1333 rutae,
1367 1279 1412 1317 et
1457 1286 1620 1317 sucum
1667 1271 1808 1318 cheli-

210 1345 374 1391 doniae
420 1351 466 1391 et
510 1343 602 1390 mel
647 1346 873 1405 optimum
922 1343 1248 1403 despumatum
1292 1342 1395 1402 pari
1437 1355 1655 1387 mensura
1705 1356 1808 1402 per-

207 1416 353 1461 misce
399 1419 539 1476 atque
585 1413 641 1460 ad
687 1415 849 1460 tertias
895 1413 1104 1472 decoque
1154 1419 1199 1458 et
1236 1413 1284 1457 in
1323 1411 1490 1472 pyxide
1528 1425 1698 1472 cuprea
1737 1426 1807 1457 re-

126 1494 204 1531 112
218 1484 366 1531 000ᾶο
406 1490 452 1531 et
490 1483 741 1545 caligantes
780 1482 939 1530 000105
970 1481 1176 1528 infunde.
1237 1480 1376 1527 Fellis
1406 1488 1559 1527 terrae
1591 1488 1638 1527 et
1668 1481 1807 1527 cheli-

208 1554 372 1600 doniae
410 1555 656 1614 utriusque
687 1553 859 1599 herbae
892 1566 1058 1598 sucum
1101 1565 1208 1597 cum
1245 1550 1396 1596 mellis
1437 1552 1601 1611 optimi
1639 1550 1804 1612 despu-
1832 1565 1872 1595 20

208 1625 321 1670 mati
358 1625 460 1685 pari
496 1638 715 1670 mensura
754 1623 986 1683 permisce
1023 1627 1161 1682 atque
1194 1635 1249 1666 ex
1281 1635 1334 1666 00
1367 1620 1617 1680 caligantes
1649 1620 1809 1667 oculos

126 1703 204 1740 113
221 1695 408 1755 inunge,
447 1693 769 1740 efficacissimo
808 1692 1114 1738 medicamine
1146 1692 1308 1736 uteris.
1369 1689 1607 1736 Satureiae
1647 1691 1809 1737 viridis

211 1778 324 1810 suco
370 1765 646 1810 tenuissimo
692 1765 732 1809 si
778 1762 971 1808 adsidue
1018 1760 1210 1822 angulos
1264 1759 1507 1806 oculorum
1553 1761 1809 1822 contingas,

209 1833 452 1894 caliginem
507 1834 599 1880 cito
646 1832 883 1879 discuties.
958 1830 1083 1876 idem
1133 1835 1339 1891 praestat
1386 1835 1432 1876 et
1482 1835 1614 1876 rutae
1668 1844 1809 1876 sucus

207 1918 291 1964 per
337 1903 535 1950 linteum
587 1910 726 1949 tenue
781 1915 1032 1963 expressus
1085 1902 1133 1946 in
1185 1899 1352 1961 pyxide
1406 1914 1540 1945 aerea
1592 1900 1807 1946 conditus
1831 1913 1872 1943 25

208 1979 346 2034 atque
385 1973 566 2034 angulis
603 1972 845 2019 oculorum
876 1971 1173 2032 caligantium
1207 1969 1458 2030 adpositus
1518 1968 1616 2015 Hoc
1655 1971 1808 2016 cuius-

207 2042 322 2089 libet
367 2045 531 2089 aetatis
569 2043 804 2089 hominem
842 2041 1149 2087 infirmissimi
1186 2041 1312 2086 visus
1347 2038 1624 2085 mirabiliter
1662 2049 1808 2102 curat,

126 2118 345 2159 114certe
382 2107 431 2159 'si
476 2112 649 2174 aliquid
695 2111 846 2158 mellis
883 2111 1026 2157 Attici
1077 2109 1217 2156 fuerit
1265 2109 1533 2155 admixtum.
1615 2108 1807 2155 Reme-

186 2182 358 2229 ndium
405 2182 467 2229 ad
522 2188 795 2230 tumorem
850 2179 1142 2227 oculorum
1195 2178 1278 2224 vel
1330 2179 1554 2224 nimiam
1606 2178 1806 2224 destil-

208 2251 491 2299 lationem.
568 2251 701 2299 Pulei
743 2251 883 2297 flores
930 2250 1165 2310 destringe
1213 2262 1384 2309 eosque
1430 2247 1704 2294 madefacito
1751 2263 1807 2294 ex
1831 2261 1872 2291 30

208 2336 325 2383 aqua
373 2322 540 2383 frigida
587 2328 634 2369 et
679 2328 870 2368 contere
917 2319 1035 2366 bene
1081 2324 1218 2379 atque
1265 2332 1319 2363 ex
1363 2332 1416 2363 eo
1454 2318 1595 2377 panni
1634 2319 1807 2364 tenuis-

210 2393 315 2438 simi
352 2398 533 2453 partem
579 2392 817 2438 dimidiam
854 2389 969 2451 line,
1016 2395 1066 2435 ut
1111 2402 1166 2434 ex
1212 2387 1354 2433 altera
1391 2392 1523 2447 parte
1561 2389 1703 2447 panni
1740 2388 1807 2433 in-

209 2470 338 2521 tegas
383 2462 542 2508 oculos
583 2468 629 2508 et
674 2476 782 2507 cum
825 2459 911 2506 ibit
956 2459 1231 2519 dormitum,
1269 2458 1345 2503 001
1383 2456 1661 2502 medendum
1705 2459 1808 2519 erit,

210 2545 351 2591 supra
412 2531 573 2578 000105
631 2545 806 2592 pones,
865 2531 964 2590 ipsa
1017 2534 1153 2573 nocte
1212 2532 1441 2572 tumorem
1504 2541 1807 2587 umoremque
1859 2581 1864 2586 ³

127 2600 460 2647 115oculorum
508 2603 608 2647 eius
655 2599 851 2647 sedabis.
925 2597 991 2643 Ad
1038 2596 1278 2643 oculorum
1326 2595 1531 2642 subitum
1579 2597 1803 2656 impetum
1827 2607 1868 2638 35

209 2669 280 2715 vel
327 2669 535 2716 dolorem
579 2670 836 2717 remedium
884 2667 1044 2713 efficax
1093 2668 1179 2712 sic:
1235 2665 1408 2712 Sucum
1449 2666 1682 2727 cardonis,
1730 2680 1805 2712 su-

211 2754 316 2785 cum
354 2741 533 2786 urticae
565 2739 916 2798 Alexandrinae,
956 2750 1119 2783 sucum
1151 2735 1412 2798 bugilloniS,
1443 2750 1648 2797 crocum,
1688 2742 1804 2781 atra-
