1898 3016
767 104 1207 164 —130-'

165 247 213 288 et
241 240 334 287 mel
356 240 550 303 Lycium
582 246 806 301 quantum
838 242 1040 289 sufficiat
1063 242 1243 304 aequali
1265 258 1481 291 mensura
1506 247 1760 309 permisce3

165 310 336 371 quibus
373 309 516 356 rebus
555 310 872 357 dentifricium
912 313 1150 372 egregium
1187 313 1350 376 facies,
1390 315 1512 375 quod
1550 315 1758 362 dolorem

165 380 375 427 dentium
421 379 551 426 sedat
595 394 768 441 eosque
813 382 1058 428 confirmat
1102 389 1148 428 et
1185 383 1538 431 candidissimos
1583 385 1758 448 reddit3

164 450 246 496 sed
293 464 411 510 quae
456 450 650 496 terenda
695 456 824 512 sunt,
874 451 1228 512 diligentissime
1274 459 1576 501 conterantur
1618 460 1758 515 atque

164 519 425 566 criblentur
456 525 502 566 et
533 521 600 566 sic
632 521 785 566 omnia
814 521 1121 584 misceantur3
1153 523 1276 582 quod
1300 523 1615 570 dentifricium
1646 539 1754 571 nec·
1779 538 1800 570 5

163 603 258 635 non
303 595 350 636 et
393 589 479 635 alia
525 590 677 635 omnia
722 603 864 650 supra
911 590 1033 637 dicta
1078 592 1127 637 in
1170 592 1416 653 pyxidibus
1461 593 1626 654 ligneis
1678 601 1758 640 aut

162 661 348 705 corneis
385 658 557 705 debent
594 659 798 705 recondi.

811 812 935 859 GAP.
974 812 1114 860 XIIII.

162 900 311 942 Uvae
358 902 412 943 et
456 899 706 942 faucibus
751 902 805 942 et
850 900 1055 943 arteriis
1101 903 1156 943 et
1198 902 1476 944 raucedini
1522 903 1761 946 remedia

233 970 454 1024 physica
491 972 545 1012 et
580 970 915 1013 rationabilia
952 971 1161 1014 diversa
1196 972 1263 1014 de
1301 972 1692 1025 experimentis.

303 1077 370 1123 Ad
410 1077 614 1124 faucium
652 1091 862 1138 uvaeque
901 1083 1134 1124 tumorem
1171 1077 1256 1125 hac
1295 1078 1391 1125 fere
1437 1093 1598 1125 omnes
1636 1094 1758 1126 com-

161 1148 395 1207 positione
434 1149 504 1193 uti
543 1146 735 1208 debent,
782 1148 890 1207 quia
936 1147 1106 1193 nullam
1151 1148 1491 1208 aspritudinem
1534 1148 1674 1195 habet
1711 1155 1759 1195 et

161 1218 272 1263 satis
312 1217 476 1263 efficax
507 1222 598 1263 est:
638 1216 759 1263 Uvae
790 1217 1010 1262 Amineae
1041 1216 1250 1278 acerbae,
1282 1232 1388 1264 cum
1418 1219 1622 1278 primum
1654 1233 1754 1278 gra·
1780 1234 1821 1264 ιο

159 1301 272 1333 num
311 1287 412 1332 eius
450 1288 616 1346 incipit
653 1285 913 1347 perlucere,
952 1288 1054 1332 suci
1091 1284 1139 1333 S
1170 1287 1268 1347 1111,
1306 1287 1455 1334 mellis
1485 1289 1626 1334 Attici
1657 1285 1705 1334 §r
1737 1288 1756 1333 Ι

158 1358 354 1403 misceto
399 1358 448 1402 in
492 1371 639 1402 unum
685 1362 823 1416 atquc
869 1357 917 1402 in
962 1370 1106 1402 aeneo
1159 1371 1265 1403 vaso
1318 1359 1506 1419 coquito
1558 1357 1757 1404 subinde

158 1440 364 1488 movenS,
396 1426 544 1472 donec
575 1425 724 1472 mellis
755 1425 923 1472 habeat
954 1426 1319 1490 spissitudinem,
1350 1434 1489 1488 atque
1521 1427 1628 1473 inde
1659 1428 1757 1474 fau-

161 1510 239 1542 ces
286 1497 544 1556 continges.
611 1495 767 1542 Altera
812 1495 868 1541 ad
914 1496 1144 1542 eiusmodi
1189 1497 1424 1543 molestias
1467 1498 1756 1558 compositio,

160 1581 265 1612 cum
311 1565 488 1612 diutius
534 1571 722 1611 vexatae
769 1572 879 1611 sunt
923 1571 1081 1625 partes
1126 1580 1266 1627 supra
1312 1567 1484 1626 dictae,
1529 1573 1581 1613 ut
1622 1566 1754 1613 facile
1779 1582 1820 1614 15

158 1636 426 1696 placentur:
466 1635 694 1681 Aluminis
725 1636 824 1681 fissi
853 1634 892 1680 X
915 1635 971 1696 II,
1009 1635 1152 1695 gallae
1190 1642 1355 1682 tunsae
1388 1635 1428 1682 X
1451 1635 1506 1696 11,
1543 1637 1757 1697 omphaci

160 1705 279 1751 aridi
315 1705 355 1751 X
386 1705 426 1765 Ι,
472 1706 600 1751 croci
638 1704 676 1750 X
706 1704 746 1766 Ι,
785 1706 910 1765 passi
948 1704 1120 1751 Cretici
1157 1703 1205 1751 8
1236 1705 1269 1752 Ι.
1341 1705 1439 1752 Hoc
1477 1707 1757 1766 decoquitur

159 1789 268 1822 vaso
306 1775 440 1821 fictili
476 1775 531 1821 ad
570 1775 760 1836 mediaS,
798 1776 862 1821 ita
899 1781 951 1821 ut
991 1789 1107 1835 quae
1146 1776 1337 1822 terenda
1368 1782 1478 1822 sunt
1508 1775 1756 1836 diligenter

159 1846 270 1892 trita
301 1845 661 1891 admisceantur.
705 1843 966 1906 Utrumque
998 1850 1151 1891 autem
1183 1846 1574 1892 medicamentum
1606 1847 1755 1906 signa·

159 1921 259 1961 tum
307 1921 497 1975 stagneo
546 1914 868 1975 reponendum
914 1922 985 1960 est
1028 1914 1215 1961 vasculo
1262 1922 1308 1961 et
1350 1930 1437 1961 uva
1482 1914 1553 1961 vel
1597 1915 1754 1961 fauces
1777 1930 1820 1960 20

159 1984 350 2031 adsidue
388 1985 497 2030 inde
536 1984 806 2045 tangendae.
860 1983 949 2030 Ubi
987 1986 1260 2045 suppuratio
1299 1985 1501 2031 faucium
1538 1991 1754 2045 suspecta

159 2060 230 2101 est
268 2054 444 2100 diutius
482 2060 785 2115 permanente
824 2068 982 2100 earum
1022 2060 1204 2100 tumore
1250 2060 1296 2100 et
1340 2055 1576 2101 interdum
1615 2054 1754 2100 febri-

158 2123 277 2170 culis
308 2138 402 2170 non
434 2126 533 2170 sine
564 2124 761 2170 horrore
791 2124 1156 2185 incurrentihuS,
1180 2124 1414 2185 oportebit
1438 2125 1623 2185 quidem
1653 2139 1753 2184 gar-

157 2193 345 2254 galizari
382 2208 547 2254 aquam
586 2194 783 2240 mulsam
825 2193 894 2239 vel
932 2209 1038 2240 cum
1077 2195 1176 2240 licis
1207 2194 1348 2240 aridis
1381 2194 1635 2256 decoctam,
1669 2194 1750 2240 sed

156 2265 389 2324 perungui
414 2264 570 2310 fauces
594 2263 708 2310 utile
733 2269 804 2309 est
827 2263 915 2309 hoc
937 2263 1290 2325 medicamento,
1322 2278 1412 2324 qua
1436 2269 1587 2310 tactus
1611 2265 1748 2310 susti·
1773 2277 1815 2309 25

155 2347 269 2379 nere
314 2334 489 2394 poterit
532 2333 669 2394 paulo
715 2334 945 2395 pressius,
991 2333 1113 2394 quod
1159 2334 1405 2379 conficitur
1450 2334 1537 2379 sic:
1603 2332 1751 2379 Mellis

155 2402 268 2448 boni
305 2403 568 2464 despumati
597 2403 844 2465 heminam,
881 2404 1062 2449 resinae
1094 2401 1434 2448 terebinthinae
1466 2402 1513 2449 P.
1545 2402 1577 2464 Ι,
1615 2417 1750 2449 rosae

157 2474 308 2518 siccae
342 2473 532 2534 cyathos
556 2472 604 2519 V.
650 2473 869 2519 Resinam
901 2487 1006 2518 cum
1037 2486 1142 2518 rosa
1166 2472 1339 2533 duplici
1363 2487 1482 2534 vaso,
1520 2479 1572 2518 ut
1599 2472 1752 2518 solent

156 2544 457 2601 unguentarii
489 2545 570 2604 uti,
609 2542 840 2603 liquefieri
870 2547 1067 2604 oportet,
1106 2541 1272 2588 deinde
1305 2542 1551 2588 admisceri
1582 2542 1672 2588 mel
1703 2548 1751 2588 et

269 2651 293 2688 5
324 2648 577 2690 miscantur.
715 2653 766 2690 16
796 2648 943 2701 gallae
973 2650 1127 2690 tunsae
1157 2646 1198 2688 X
1221 2647 1261 2688 11
1291 2660 1368 2689 om.
1506 2651 1559 2689 25
1590 2661 1748 2701 perun-

154 2702 294 2755 gueri.
382 2703 765 2746 medicamentum.
855 2704 1025 2746 susteri.
1113 2709 1163 2745 27
1195 2702 1503 2746 terebintinae.
1590 2709 1642 2746 28
1667 2704 1749 2745 sic·

150 2763 249 2809 cae]
278 2758 369 2801 suci
396 2759 642 2802 Corwarius.
760 2765 811 2802 29
843 2760 1022 2813 oportit.
