1898 3016
773 154 1147 205 —181—

163 285 212 330 in
250 290 380 330 aceto
419 284 599 329 excocti
636 284 735 329 triti
774 290 820 330 et
856 282 977 330 inliti
1016 288 1280 344 mentagrae
1312 283 1574 330 medentur.
1630 282 1758 330 Idem
1787 292 1815 330 4

164 358 369 414 praestat
406 352 540 399 ibisci
577 352 707 399 radix
747 367 852 400 cum
890 352 1050 414 lupino
1089 358 1136 399 et
1173 358 1303 399 aceto
1343 352 1397 399 ad
1434 354 1596 399 tertias
1626 359 1758 400 cocta

166 431 210 469 et
255 422 476 483 adposita.
552 421 659 468 Flos
703 424 818 470 visci
855 437 960 470 cum
1007 422 1130 470 calce
1173 421 1397 469 subactus
1434 430 1481 469 et
1518 422 1758 484 adpositus
1788 431 1812 470 5

164 500 429 553 mentagrae
470 491 597 538 valde
637 499 707 539 est
744 492 886 540 utilis.

122 575 142 606 5
304 562 371 608 Ad
409 562 688 623 inpetigines
727 562 1035 624 detergendas
1073 562 1267 608 farinam
1302 562 1398 608 ervi
1428 563 1618 609 mixtam
1650 577 1757 609 cum
1788 572 1813 608 6

165 640 295 678 aceto
328 631 598 693 frequenter
620 631 844 678 inducito,
897 631 996 678 Olei
1022 633 1209 694 myrtini
1233 633 1396 678 uncias
1419 630 1491 694 VI,
1514 631 1605 678 olei
1636 632 1755 678 501ιί-
1789 642 1812 679 7

164 702 264 747 nini
301 707 381 747 aut
417 700 682 747 mastichini
719 702 881 748 uncias
921 707 1161 765 quattuor,
1198 701 1439 763 lithargyri
1478 703 1640 748 uncias
1680 701 1757 764 111,

163 770 391 831 psimithii
429 772 590 817 uncias
621 770 662 816 ΙΙ
699 785 807 818 cum
844 772 950 818 vino
989 778 1145 818 vetere
1185 770 1323 818 simul
1359 777 1485 818 teres
1523 778 1570 818 et
1603 771 1755 818 oleum

164 842 319 887 statim
357 847 516 902 postea
555 842 710 887 mittes
741 847 788 887 et
818 840 1065 902 diligenter
1093 840 1400 902 permiscebis
1431 847 1478 887 et
1509 842 1575 888 sic
1611 843 1758 888 uteris

104 922 144 953 ιο
166 909 221 956 ad
259 911 540 971 inpetigines
578 909 839 957 abolendas.
906 910 973 956 Ad
1019 912 1300 972 inpetigines
1345 910 1652 971 detergendas
1698 911 1758 957 la-

164 979 293 1041 pathi
330 979 510 1026 radices
549 994 655 1027 cum
694 986 823 1027 aceto
863 994 1036 1041 coques
1081 980 1136 1026 ad
1182 982 1344 1027 tertias
1390 987 1436 1026 et
1476 982 1524 1026 in
1563 995 1617 1027 eo
1655 982 1757 1027 iure

165 1051 335 1096 iterum
381 1063 562 1111 oryzam
608 1050 855 1111 discoques
901 1056 947 1096 et
992 1051 1059 1096 sic
1101 1049 1157 1096 ad
1196 1050 1548 1111 perducendum
1586 1064 1758 1112 corpus

164 1120 327 1165 uteris
401 1118 675 1166 Cueumeris
722 1120 917 1166 silvatici
962 1119 1144 1166 radices
1189 1120 1243 1166 ad
1296 1121 1460 1166 tertias
1508 1120 1758 1182 discoques

166 1202 337 1249 easque
382 1188 597 1235 decoctas
641 1196 766 1235 teres
811 1189 1057 1250 diligenter
1099 1195 1146 1236 et
1183 1189 1324 1236 addes
1362 1189 1667 1252 lithargyrum
1705 1205 1758 1237 ac

102 1268 142 1300 15
167 1257 363 1318 sulphur
401 1258 580 1319 aequali
617 1273 837 1305 mensura
874 1265 919 1305 et
958 1273 1091 1305 cerae
1130 1273 1295 1320 parum
1333 1265 1471 1320 atque
1504 1260 1613 1307 inde
1643 1260 1758 1323 loca,

166 1341 283 1389 quae
321 1329 525 1389 inpetigo
565 1329 756 1390 ceperit,
794 1328 1084 1390 perfricahis.

304 1397 368 1443 Ad
403 1397 636 1444 scabidam
666 1399 970 1460 inpetiginem
998 1397 1174 1444 scillam
1198 1397 1347 1444 albam
1372 1399 1543 1445 sumito
1569 1405 1615 1446 et
1637 1398 1756 1447 bene

164 1466 438 1513 contundito
477 1482 622 1528 eaque
659 1469 962 1529 inpetiginem
1000 1467 1184 1514 inlinito
1232 1475 1278 1513 et
1318 1467 1596 1515 adsiccatam
1626 1475 1757 1517 aceto

164 1538 261 1583 acri
305 1538 448 1584 mixto
494 1537 585 1583 sale
631 1536 796 1600 eluito,
840 1537 1007 1583 deinde
1054 1551 1216 1598 spuma
1254 1538 1434 1599 argenti
1478 1544 1672 1585 contusa
1711 1547 1759 1586 et

101 1615 141 1645 20
164 1620 267 1652 rosa
313 1606 485 1667 liquida
530 1608 813 1668 perunguito
859 1614 906 1653 et
950 1621 1056 1653 cum
1101 1606 1386 1653 adsiccatum
1432 1607 1574 1655 fuerit
1614 1609 1757 1656 medi-

163 1682 448 1737 camentum,
486 1691 695 1739 rursum,
734 1683 786 1723 ut
823 1691 963 1738 supra
1002 1676 1217 1739 diximUS,
1255 1682 1385 1723 aceto
1424 1677 1544 1724 salso
1582 1677 1756 1726 abluito

163 1752 300 1806 atque
338 1747 510 1792 iterum
548 1746 708 1792 eadem
746 1748 926 1793 ratione
971 1745 1148 1792 scillam
1192 1747 1349 1793 tritam
1394 1747 1577 1794 inlinito
1615 1748 1756 1810 idque

163 1815 422 1861 remedium
453 1815 725 1877 frequenter
754 1817 936 1878 iterato,
971 1815 1119 1862 donec
1150 1815 1206 1862 ad
1239 1818 1483 1863 sanitatem
1512 1817 1756 1879 perducas.

163 1883 285 1931 Picis
322 1884 525 1946 liquidae
560 1887 760 1946 optimae
793 1885 1032 1932 acetabulo
1063 1887 1145 1932 uni
1175 1885 1305 1932 adice
1336 1886 1532 1933 farinam
1562 1887 1756 1935 hordea·

99 1961 140 1992 25
163 1968 291 2000 ceam
337 1960 383 2000 et
427 1956 602 2001 nitrum
644 1961 690 2001 et
727 1956 882 2017 apium
919 1956 1084 2002 tritum
1124 1961 1170 2001 et
1207 1954 1406 2016 sulphur
1443 1958 1605 2018 aequis
1641 1972 1755 2019 pon-

161 2023 353 2070 deribus
398 2039 450 2070 ac
495 2024 783 2085 superfunde
830 2027 949 2072 aceti
995 2024 1087 2071 albi
1127 2026 1345 2071 acerrimi
1385 2026 1624 2074 acetabula
1663 2028 1755 2075 duo

161 2099 207 2139 et
243 2095 290 2139 in
328 2095 483 2154 patina
521 2093 729 2155 decoque
767 2094 905 2140 simul
942 2109 995 2141 ac
1032 2100 1192 2155 postea
1229 2094 1430 2141 calidum
1465 2096 1755 2144 medicamen

159 2162 302 2210 linteo
339 2163 549 2210 inducito
588 2170 635 2210 et
672 2165 738 2210 sic
777 2165 964 2225 corpori
1002 2163 1243 2227 adponit03
1281 2179 1374 2210 non
1406 2165 1557 2212 solum
1588 2168 1754 2228 inpeti-

160 2234 314 2293 ginem
352 2232 440 2280 hoc
478 2233 699 2296 remedio,
738 2233 818 2280 sed
862 2239 908 2280 et
944 2233 1121 2294 lepram
1159 2233 1343 2280 sedabis
1383 2241 1429 2280 et
1466 2235 1683 2283 scabiem.

97 2309 137 2340 30
299 2302 606 2364 Inpetiginem
640 2304 849 2364 quamvis
880 2305 1182 2349 inveteratam
1214 2304 1306 2350 cito
1338 2303 1557 2368 abolebis,
1591 2307 1633 2352 si
1662 2306 1752 2353 sae-

162 2371 264 2418 cula
295 2373 402 2436 vini,
434 2387 523 2434 qua
554 2374 780 2419 tinctores
811 2378 1024 2436 utuntur,
1056 2387 1162 2419 cum
1193 2387 1310 2434 aqua
1341 2375 1570 2435 permixta
1600 2375 1754 2423 locum

160 2444 456 2506 perunxeris,
500 2444 562 2489 ita
601 2449 674 2505 ut,
712 2442 822 2489 dum
861 2443 1196 2503 quinquaginta
1233 2456 1474 2506 numeras,
1519 2443 1612 2492 11110
1650 2459 1754 2493 esse

160 2512 402 2570 permittas
450 2518 496 2558 et
541 2514 762 2559 continuo
809 2512 1092 2574 destringas3
1140 2525 1246 2557 nam
1292 2513 1332 2558 si
1376 2512 1553 2560 diutius
1598 2515 1753 2579 fuerit,

162 2578 299 2626 altius
343 2583 411 2627 vis
456 2583 557 2629 eius
601 2582 772 2629 insidet
816 2589 863 2629 et
904 2581 1038 2628 ulcus
1075 2581 1248 2642 grande
1286 2582 1437 2629 faciet.
1512 2582 1753 2632 Glutinum

98 2662 138 2693 35
162 2651 398 2696 taurinum
443 2659 572 2699 aceto
617 2653 867 2698 remissum
911 2651 1090 2698 adiecto
1138 2650 1316 2698 sulfure
1362 2653 1463 2699 vivo
1507 2652 1602 2701 leni
1645 2656 1752 2716 igne

161 2718 420 2781 decoctum,
456 2722 520 2767 ita
557 2729 608 2768 ut
646 2722 700 2768 ad
739 2721 889 2768 mellis
926 2720 1285 2768 crassitudinem
1314 2722 1614 2787 perducatur,
1652 2739 1753 2772 sur·

162 2787 360 2849 culoque
399 2790 589 2854 ficulno,
628 2791 738 2837 dum
777 2792 1010 2854 coquitur,
1048 2792 1270 2852 agitatum
1307 2805 1359 2838 ac
1396 2791 1469 2839 bis
1506 2808 1592 2855 per
1629 2794 1751 2841 diem

1789 917 1812 954 8

1788 1126 1812 1164 9

1789 1404 1840 1442 10

1789 1891 1837 1930 11

1788 2310 1837 2347 12

1785 2589 1836 2629 13
