1898 3016
773 87 1115 136 -71-

145 213 367 276 perducit
404 214 658 261 suffusione
697 215 880 261 siccata.
954 213 1345 276 Xerocollyria
1394 220 1447 261 et
1492 214 1740 261 remedia

146 284 378 345 physica
423 284 647 330 diversa
693 283 755 330 ad
801 283 1308 344 xerophthalmiam
1347 291 1400 331 et
1437 284 1739 346 caliginem

149 361 201 400 et
232 352 645 413 aspritudinem
677 353 1086 415 detergendam.
1151 353 1218 399 Ad
1252 354 1495 414 caliginem
1526 361 1572 401 et
1595 356 1739 415 aspri-
1771 363 1822 402 69

145 423 355 469 tudinem
393 422 634 469 oculorum
675 425 938 484 siccamque
978 422 1378 485 perturbationem
1410 425 1510 470 sine
1543 431 1739 487 tumore,

101 512 121 544 ⁵
146 506 282 553 quam
314 492 728 553 xerophthalmiam
753 493 916 539 Graeci
947 492 1192 554 appellant,
1223 493 1332 540 facit
1363 493 1451 540 hoc
1483 494 1739 555 collyrium,

145 561 267 623 quod
313 563 529 622 psoricon
569 562 762 625 dicitur,
807 563 976 624 accipit
1013 570 1167 609 autem
1206 562 1340 610 haec:
1385 562 1521 610 Croci
1559 562 1598 610 X
1642 562 1740 626 XII,

143 632 316 692 psorici
356 631 394 677 X
430 630 576 692 XIIII,
622 630 831 692 psimithi
870 631 907 677 X
944 631 1048 693 1111,
1096 634 1190 693 opii
1234 632 1378 695 idem,
1425 634 1600 694 piperis
1649 632 1742 679 albi

142 700 279 762 idem,
311 702 510 761 gummis
544 700 581 746 X
612 700 664 747 11.
714 700 829 747 Cum
861 716 977 762 aqua
1003 701 1198 762 'pluviali
1229 708 1446 749 teruntur
1475 702 1610 765 haec,
1649 701 1740 749 col-

143 769 254 831 lyria
300 771 455 816 statim
501 770 608 816 inde
654 771 916 832 finguntur,
963 785 1019 817 ne
1066 771 1295 817 confectio
1334 771 1473 818 dilata
1511 778 1739 819 vanescat.

79 860 120 890 ιο
144 838 393 900 Collyrium
432 840 486 885 ad
526 839 768 900 caliginem
808 848 854 887 et
891 841 1242 902 aspritudinem,
1281 841 1404 901 quod
1444 843 1736 888 stratioticon
1769 851 1821 890 70

143 908 333 971 dicitur,
378 911 545 970 recipit
588 909 723 956 haec:
790 909 1006 956 Psimithi
1050 909 1089 955 X
1134 909 1210 972 VI,
1263 911 1440 971 piperis
1485 910 1575 957 albi
1620 910 1659 957 X
1704 910 1738 973 I,

143 978 354 1039 omphaci
393 978 431 1024 X
469 978 530 1041 II,
569 979 771 1026 cadmiae
810 979 850 1025 X
884 979 966 1042 III,
1005 979 1290 1040 opobalsami
1327 979 1366 1026 X
1405 980 1465 1043 II,
1504 982 1598 1042 opii
1635 980 1674 1027 X
1706 980 1738 1042 I,

143 1050 342 1108 gummis
380 1047 419 1093 X
456 1048 509 1094 II.
584 1048 652 1094 Ex
699 1063 817 1110 aqua
864 1049 1052 1110 pluviali
1097 1049 1184 1095 hoc
1230 1051 1401 1096 teritur
1444 1056 1584 1111 atque
1631 1064 1739 1097 con-

142 1117 312 1179 ficitur,
344 1118 466 1178 quod
498 1117 664 1164 melius
695 1121 937 1179 superiore
969 1119 1024 1165 ad
1056 1119 1275 1179 caligines
1304 1119 1425 1166 facit.
1472 1119 1738 1182 Collyrium,
1771 1129 1821 1167 71

81 1208 121 1238 15
145 1186 267 1247 quod
315 1194 495 1233 stacton
542 1194 706 1234 vocant
751 1188 938 1251 Graeci,
983 1188 1039 1234 ad
1078 1189 1237 1234 eadem
1277 1189 1396 1251 fere,
1443 1204 1559 1250 quae
1599 1203 1740 1250 supra

146 1258 317 1316 scripta
357 1265 484 1318 sunt,
523 1257 658 1319 utile,
697 1257 776 1304 sed
816 1259 962 1318 magis
999 1257 1275 1304 mulieribus
1314 1259 1526 1321 prodest,
1573 1261 1742 1320 accipit

143 1325 278 1372 haec:
316 1325 530 1372 Cadmiae
570 1326 608 1372 X
645 1325 706 1390 11,
745 1327 872 1373 stibii
909 1326 948 1372 X
986 1326 1057 1389 VI,
1095 1329 1270 1389 piperis
1309 1327 1400 1374 albi
1439 1328 1478 1374 X
1514 1328 1569 1391 II,
1607 1343 1740 1376 aeru-

143 1396 264 1455 ginis
295 1409 424 1441 rasae
462 1402 508 1442 et
539 1397 690 1459 misui,
724 1396 870 1443 donec
908 1398 1158 1458 puniceum
1197 1398 1288 1459 fiat,
1327 1399 1418 1444 usti
1459 1397 1496 1444 X
1534 1398 1741 1459 singulos

145 1466 303 1526 semis,
357 1467 478 1511 aeris
523 1465 650 1511 ssoris
705 1465 743 1511 X
781 1464 800 1511 Ι
839 1466 890 1529 S,
943 1468 1143 1527 gummis
1190 1466 1228 1512 X
1274 1466 1380 1530 VII,
1434 1467 1620 1528 quidam
1668 1468 1739 1514 his

80 1554 121 1584 20
144 1533 319 1580 addunt
356 1534 640 1595 opobalsami
669 1533 708 1580 X
739 1535 800 1598 113
839 1537 947 1582 trita
980 1535 1092 1582 haec
1124 1536 1372 1596 diligenter
1400 1537 1591 1598 pluviali
1621 1552 1740 1598 aqua

143 1611 455 1665 asperguntur
492 1611 537 1651 et
574 1606 622 1650 in
661 1604 849 1666 collyria
887 1605 1183 1666 colliguntur.
1244 1605 1494 1667 Collyrium
1537 1621 1642 1653 acre
1681 1606 1738 1654 ad
1771 1615 1823 1653 72

143 1673 456 1720 extenuandas
481 1675 722 1720 cicatrices
747 1677 955 1735 quamvis
979 1683 1161 1721 veteres
1185 1675 1500 1736 caliginesque
1526 1684 1571 1723 et
1594 1678 1739 1738 aspri-

143 1742 330 1789 tudines
367 1743 655 1806 angulorum,
697 1744 819 1805 quod
859 1744 1001 1790 semel
1038 1746 1283 1791 inunctum
1321 1745 1536 1806 plurimis
1574 1745 1739 1793 diebus

145 1812 359 1859 effectum
396 1819 621 1874 praestat,
661 1819 845 1874 oportet
883 1822 1038 1860 autem
1077 1829 1130 1860 eo
1171 1820 1337 1875 aquato
1370 1816 1458 1878 uti,
1497 1814 1576 1862 diu
1616 1819 1739 1862 enim

79 1898 120 1930 25
144 1889 270 1927 tenet
317 1896 542 1943 morsum,
588 1884 756 1943 accipit
793 1883 926 1930 haec:
979 1884 1268 1930 Ammoniaci
1305 1890 1483 1946 guttae,
1522 1899 1639 1946 quae
1679 1889 1740 1932 sit

144 1952 242 1997 sine
275 1950 426 2013 sorde,
457 1951 504 1998 P.
529 1951 560 2013 I,
593 1953 825 2012 aeruginis
857 1952 906 1999 P.
933 1952 978 2013 S,
1009 1955 1210 2013 gummis
1234 1952 1280 1999 P.
1307 1953 1338 2000 Ι.
1390 1953 1600 2001 Primum
1631 1970 1738 2002 cum

142 2034 258 2080 aqua
297 2020 484 2081 pluviali
521 2023 691 2068 teritur
729 2036 914 2084 aerug0,
952 2029 1112 2082 postea
1151 2029 1304 2068 cetera
1343 2023 1611 2070 adiciuntur
1647 2039 1737 2072 ma-

143 2098 294 2136 cerata
333 2105 448 2151 aqua
488 2091 677 2152 pluviali
714 2099 759 2138 et
797 2101 895 2137 tum
933 2091 1121 2152 collyria
1159 2092 1411 2152 finguntur.
1473 2092 1555 2139 Fel
1591 2100 1736 2141 testu·
1770 2103 1821 2141 73

143 2159 263 2206 dinis
309 2175 415 2206 cum
462 2160 596 2206 melle
642 2163 815 2221 optimo
861 2162 1056 2207 mixtum
1103 2167 1148 2207 et
1187 2162 1266 2208 diu
1304 2165 1582 2223 coagitatum
1621 2166 1738 2210 mire

80 2246 120 2277 ao
144 2228 387 2290 caliginem
432 2229 571 2292 tollit,
618 2231 657 2276 si
702 2230 825 2277 oculi
862 2230 968 2276 inde
1007 2230 1198 2277 adsidue
1237 2231 1622 2279 circumlinantur
1660 2239 1740 2280 aut

143 2298 376 2346 subtiliter
415 2299 754 2346 suffundantur.
823 2299 1211 2360 Calliblepharum
1248 2301 1605 2363 xerocollyrium
1646 2305 1738 2364 pri·
1771 2312 1824 2350 74

143 2382 268 2415 mum
309 2370 476 2430 accipit
512 2369 646 2416 haec:
700 2371 787 2415 Aes
826 2376 1005 2431 ustum,
1045 2370 1257 2433 stibium,
1296 2370 1540 2433 cadmiam,
1579 2374 1739 2434 aequis

260 2509 278 2544 1
314 2502 377 2544 -X-
408 2503 724 2558 yrocolloryria
751 2505 863 2555 (sic).
938 2507 961 2544 2
986 2503 1211 2557 phoesica.
1295 2504 1633 2557 xeroptalmiam
1658 2508 1738 2558 (sic

142 2560 346 2611 saepius).
478 2564 502 2602 6
534 2559 701 2614 origon.
848 2564 869 2601 7
902 2557 1034 2612 psori.
1176 2559 1404 2612 psimbthi.
1546 2562 1736 2615 peperis.

148 2619 195 2654 11
242 2614 420 2668 recepit.
566 2619 617 2657 18
661 2627 787 2657 rasae
832 2628 909 2657 om.
1068 2615 1332 2667 pumiceum.
1481 2616 1589 2671 usti]
1636 2618 1738 2660 rasi.

145 2673 215 2765 211
228 2670 437 2724 collyriis,
558 2675 612 2712 30
642 2673 719 2713 aui:
749 2670 971 2713 subtiliter
1001 2669 1307 2712 suffundantur
1336 2683 1414 2713 om.
1543 2677 1593 2714 31
1626 2672 1740 2716 xiro-

145 2737 195 2766 co
216 2724 376 2767 litium.
