1898 3016
28 0 331 131 vr·
749 49 1120 100 -205-

29 188 61 250 ξ-
138 186 309 246 vimus3
340 196 446 231 nam
479 188 525 228 et
556 179 846 228 stomachum
876 179 993 225 mire
1029 178 1250 238 conponit
1280 183 1327 223 et
1356 190 1544 223 umores
1569 177 1733 237 siccat3

29 260 64 314 μ
141 258 434 303 excrementa
472 265 659 313 quoque
697 249 773 296 illa
810 249 915 295 data
951 248 1249 310 dysintericis
1289 245 1491 293 mirabili
1528 245 1734 292 efficacia

63 320 65 322 ’
141 330 352 387 prosunt.
422 321 650 382 Ossifragi
685 324 848 366 venter
884 317 1172 365 madefactus
1210 316 1543 377 adpositusque
1574 315 1646 362 his
1678 314 1734 362 ad
1766 327 1818 366 85

143 392 453 454 stomachum,
499 392 580 452 qui
616 389 746 437 cibos
783 403 878 436 non
916 387 1190 448 conficiunt,
1237 385 1513 433 utilissimus
1556 392 1628 432 est
1665 385 1734 432 vel

73 459 77 467 ”
99 466 282 512 uetiam
321 464 362 509 si
397 468 580 508 tantum
616 474 757 506 manu
795 465 1025 520 teneatur,
1062 457 1315 518 plurimum
1356 458 1496 502 iuvat.

280 532 566 594 Oxyporium
590 530 923 591 Dionysianum
954 528 1008 574 ad
1041 527 1348 588 digestionem
1380 534 1426 573 et
1453 526 1509 572 ad
1534 527 1737 587 rigorem
1769 536 1820 574 86

142 602 370 651 stomachi
416 608 462 648 et
506 600 562 647 ad
608 600 1008 646 confirmationem
1053 596 1302 658 aqualiculi
1354 596 1602 642 conficitur
1650 597 1738 642 sic:

143 672 467 735 Cydoneorum
504 672 795 717 incoctorum
826 674 1166 728 tunsorumque
1205 668 1307 712 suci
1337 664 1443 723 31,
1480 665 1631 712 mellis
1663 665 1738 711 de-

63 734 68 742 *
143 744 343 805 spumati
381 739 429 788 8
460 740 502 803 1,
539 741 660 786 aceti
696 739 860 799 optimi
897 735 946 784 *S*
976 737 1008 783 Ι.
1076 736 1200 782 Haec
1241 737 1289 782 in
1326 750 1474 782 unum
1510 737 1741 796 permixta

81 828 122 860 10
143 826 252 859 vaso
290 811 466 873 duplici
503 810 852 871 decoquuntur,
898 807 1046 853 donec
1092 806 1302 852 soliditas
1346 805 1402 852 ad
1448 820 1594 852 unum
1640 819 1740 851 sex—

147 883 317 930 tarium
362 881 623 942 redigatur,
669 878 855 926 additur
899 876 1106 938 pulveris
1150 875 1414 936 petrosilini
1458 876 1595 922 uncia
1635 888 1742 935 una,

147 953 321 1014 cymini
358 951 595 998 semuncia
645 955 691 995 et
728 948 846 994 bene
885 951 1288 1007 contemperatum
1337 945 1626 992 medicamen
1670 958 1743 990 va-

148 1021 276 1069 sculo
307 1023 454 1067 vitreo
486 1019 704 1066 conditur
736 1017 822 1064 sub
850 1016 1087 1078 signaculo
1113 1022 1252 1076 atque
1275 1015 1384 1061 inde
1412 1015 1622 1061 cocleare
1647 1013 1742 1075 ple-

150 1105 261 1139 num
300 1105 324 1137 a
360 1092 518 1137 ieiuno
556 1090 797 1149 accipitur.

87 1177 128 1209 15
291 1159 574 1222 Oxyporium
596 1157 920 1219 Olympianum
943 1154 1152 1217 polyetes
1176 1155 1231 1201 ad
1253 1155 1559 1214 digestionem
1580 1167 1744 1215 paran-
1775 1164 1828 1202 87

151 1230 256 1277 dam
301 1231 469 1290 accipit
511 1228 647 1275 haec:
699 1227 880 1288 Piperis
918 1225 1118 1286 -1S,
1161 1224 1412 1285 zingiberis
1454 1250 1512 1256 -
1547 1224 1568 1269 I
1601 1223 1653 1286 S;
1698 1225 1745 1269 in

151 1299 391 1361 pulverem
428 1298 616 1345 redacta
654 1303 700 1344 et
737 1302 864 1343 creta
902 1295 1030 1353 haec,
1069 1309 1176 1341 cum
1207 1294 1263 1340 ad
1295 1294 1602 1355 digestionem
1633 1298 1746 1339 tem-

151 1370 356 1431 peranda
394 1374 546 1430 erunt,
584 1382 640 1414 ex
676 1366 811 1413 melle
850 1365 1098 1412 dabuntur.

291 1438 576 1500 Oxyporium
629 1436 994 1498 pancharianum
1046 1434 1102 1480 ad
1150 1434 1479 1496 digestionem,
1531 1431 1657 1493 quod
1703 1437 1750 1478 et
1780 1442 1832 1481 88

90 1527 132 1558 20
155 1508 404 1570 aqualiculi
436 1507 727 1568 corruptelas
757 1505 828 1552 vel
858 1505 1099 1552 aciditates
1131 1504 1366 1550 consumit
1389 1509 1434 1549 et
1458 1501 1751 1549 stomachum

153 1584 439 1626 marcentem
484 1583 687 1638 recreat,
731 1577 978 1622 tertianam
1024 1575 1162 1620 etiam
1211 1588 1316 1620 cum
1362 1575 1467 1619 vino
1514 1578 1560 1619 et
1605 1571 1753 1618 calida

157 1648 244 1696 sub
281 1649 396 1694 hora
434 1647 593 1694 datum
630 1648 748 1693 mire
786 1644 919 1708 tollit,
958 1645 1207 1691 conficitur
1238 1645 1326 1690 sic:
1365 1642 1546 1704 Piperis
1582 1640 1752 1688 —IIII

159 1712 220 1785 ,91
251 1716 328 1780 111,
366 1717 523 1763 siselei
565 1742 620 1750 —-
657 1716 688 1776 1,
727 1714 979 1776 zingiberis
1019 1740 1079 1747 —
1115 1714 1134 1760 Ι
1167 1713 1212 1775 S,
1251 1727 1406 1759 ameos
1449 1712 1554 1758 —I
1588 1706 1648 1778 „9³
1680 1710 1754 1773 VI,

160 1789 289 1834 anesi
330 1813 389 1820 —-
416 1787 472 1847 11,
509 1786 711 1847 libystici
744 1811 803 1818 —
830 1784 850 1830 Ι
875 1784 919 1847 S,
957 1785 1162 1844 iuniperi
1191 1782 1387 1843 Hispani
1416 1808 1485 1815 —-
1508 1782 1527 1827 I
1552 1775 1614 1848 ῼ-
1638 1779 1754 1844 VIII,

97 1876 138 1907 25
160 1859 223 1904 ita
269 1863 322 1903 ut
364 1858 632 1916 iuniperum
676 1854 863 1901 abintus
899 1860 1129 1916 purgetur
1167 1852 1348 1899 sublato
1388 1854 1563 1898 semine
1603 1857 1650 1898 et
1687 1853 1754 1897 sic

160 1933 354 1974 teratur.
419 1925 544 1972 Haec
589 1927 741 1971 omnia
785 1926 834 1970 in
873 1924 1113 1985 pulverem
1149 1923 1337 1968 redacta
1374 1927 1670 1983 reponuntur
1705 1922 1754 1967 in

161 1995 330 2043 doliolo
374 1997 522 2042 vitreo
568 1997 769 2056 signam,
813 1994 952 2055 ligula
997 1993 1133 2054 plena
1177 2007 1233 2039 ex
1277 1991 1426 2039 mulsa
1463 2005 1581 2052 aqua
1618 1991 1756 2038 datur

160 2067 331 2113 ieiuno.

302 2135 370 2182 Ad
415 2134 715 2196 cruditatem,
761 2148 878 2195 quae
923 2146 1143 2179 nauseam
1187 2132 1317 2193 facit,
1362 2131 1623 2177 remedium
1668 2131 1757 2176 sic:
1788 2140 1840 2178 89

101 2231 142 2262 30
163 2205 432 2252 Vettonicae
478 2202 601 2264 drag.
638 2204 658 2250 Ι
702 2206 749 2250 in
796 2203 994 2264 oxymeli
1038 2201 1214 2263 cyathis
1255 2200 1408 2248 tribus
1446 2202 1589 2246 mixta
1625 2200 1760 2260 potui

165 2275 315 2322 datur.
381 2274 460 2321 Ius
506 2289 691 2336 quoque
729 2273 958 2334 pullinum
998 2272 1100 2332 [ubi
1137 2277 1298 2318 coctus
1336 2269 1498 2330 fuerit]
1538 2269 1759 2316 cruditati

165 2345 433 2407 opitulatur,
472 2346 512 2391 si
547 2346 596 2390 in
633 2346 784 2405 primo
823 2343 1018 2404 prandio
1056 2341 1316 2388 sorbeatur.

306 2484 331 2521 2
364 2478 661 2521 dissinterieis.
791 2476 1009 2519 mirabile.
1134 2480 1157 2518 7
1190 2473 1442 2528 aqualicoli.
1557 2477 1582 2515 8
1614 2485 1755 2515 sucus.

169 2539 221 2578 15
250 2534 452 2589 polietes.
582 2540 632 2577 16
664 2533 864 2588 accipiet.
990 2537 1042 2574 18
1074 2532 1265 2585 dabitur,
1295 2531 1473 2574 correxi.
1588 2533 1643 2571 20
1673 2527 1761 2570 aci-

169 2591 307 2633 divas.
421 2595 474 2632 23
506 2590 663 2634 siselei.
785 2593 840 2632 24
870 2587 1068 2632 libistici.
1189 2592 1242 2629 27
1275 2587 1462 2641 signata.
1583 2590 1635 2627 31
1666 2584 1762 2638 pul-

168 2647 310 2689 linum
345 2647 523 2701 scripsi.-
565 2645 770 2700 pallium.
882 2645 1011 2688 verba
1047 2643 1125 2686 ubi
1155 2643 1304 2686 coctus
1333 2643 1468 2685 fuerit
1494 2641 1584 2685 scil.
1614 2641 1762 2695 pullus

169 2703 372 2757 ylossema
402 2715 487 2744 esse
515 2707 637 2745 ratus
666 2703 838 2745 inclusi.
