1930 3008
767 80 1144 134 4—343-

155 212 389 260 silvaticae
434 212 565 259 radix
608 210 823 258 similiter
860 213 1076 274 imposita
1115 227 1263 274 aeque
1301 213 1524 274 prodesse
1563 214 1750 278 dicitur,

154 282 395 344 portulaca
433 296 619 344 quoque
657 282 766 328 trita
796 295 903 328 cum
935 282 1118 342 polenta
1151 283 1360 344 adposita
1392 284 1622 331 testiculis
1654 299 1748 331 me·

156 353 315 414 detur3
361 367 416 398 ex
461 353 568 398 fimo
614 350 787 398 bubulo
832 353 967 412 panis
1013 352 1162 399 sactus
1207 359 1254 399 et
1291 359 1486 400 exustus
1524 355 1571 399 in
1609 354 1747 400 furno

154 428 233 469 aut
276 424 323 468 in
370 423 472 469 foco
518 428 564 468 et
600 428 760 483 postea
798 422 846 467 in
884 423 1090 468 cinerem
1130 422 1349 469 redactus
1387 429 1433 469 et
1470 437 1577 469 cum
1615 429 1747 470 aceto

109 505 132 536 5
156 491 370 539 scillitico
417 491 638 538 subactus
677 491 881 552 dumque
920 491 1067 538 servet
1103 492 1332 539 testiculis
1370 492 1610 553 adpositus
1650 507 1746 540 sae-

152 563 352 623 piusque
390 567 598 608 mutatus
635 560 969 607 admirabiliter
1011 568 1057 608 et
1095 563 1249 608 statim
1287 561 1493 623 prodest.

295 631 497 692 Spongia
534 646 591 677 ex
629 645 766 692 posca
806 631 935 677 acida
973 637 1020 678 et
1056 632 1210 693 tepida
1243 631 1455 694 adposita
1485 634 1640 679 statim
1674 646 1742 679 se·
1777 641 1830 679 17

153 700 280 748 dabit
317 700 642 747 testiculorum
680 700 876 748 dolores.
933 700 1087 762 Adeps
1127 701 1259 748 vituli
1289 709 1335 748 et
1364 703 1478 748 nitri
1507 702 1744 749 modicum
1778 711 1829 749 18

152 785 242 816 una
285 772 514 832 permixta
560 777 606 816 et
650 771 797 815 ceroti
836 770 972 816 modo
1010 772 1227 831 imposita
1266 771 1495 818 testiculis
1532 777 1743 818 tumores

90 853 131 884 10
153 853 314 886 omnes
348 846 394 886 et
425 839 610 886 dolores
640 852 890 900 persanare
923 839 1156 886 dicuntur.
1209 840 1344 887 Bulbi
1375 855 1431 886 ex
1461 841 1613 887 mulso
1645 843 1746 888 triti
1779 849 1829 887 19

151 916 289 971 atque
327 908 449 955 inliti
486 908 751 955 dolentibus
789 908 1019 955 testiculis
1057 909 1318 956 medentur.
1384 909 1532 956 Butae
1575 910 1745 957 ramuli
1775 919 1829 956 20

150 980 393 1026 tenerrimi
425 980 525 1025 triti
549 984 595 1025 et
617 978 738 1025 inliti
761 985 992 1025 tumorem
1019 979 1344 1026 testiculorum
1370 981 1579 1040 quamvis
1602 982 1743 1026 maxi·

149 1063 275 1096 mum
324 1048 499 1094 sedant.
565 1047 731 1094 Farina
776 1047 860 1094 lini
905 1049 1095 1095 seminis
1141 1063 1247 1095 cum
1293 1050 1446 1095 resina
1495 1056 1541 1096 et
1589 1065 1743 1111 myrra
1775 1058 1827 1095 21

151 1120 251 1179 pari
287 1118 494 1179 pondere
533 1119 760 1179 permixta
799 1124 846 1164 et
881 1119 1098 1178 imposita
1136 1118 1367 1165 testiculis
1406 1118 1558 1165 dolori
1587 1134 1639 1166 ac
1670 1126 1742 1166 tu-

89 1199 128 1231 15
152 1190 272 1234 mori
323 1202 485 1234 eorum
537 1187 766 1234 subvenit.
840 1186 1066 1234 Testiculi
1117 1194 1351 1234 tumentes
1399 1203 1517 1249 aqua
1562 1190 1740 1236 marina
1772 1197 1827 1235 22

149 1257 488 1304 rationabiliter
525 1257 754 1304 foventur.

288 1326 545 1390 Herniosis‚
583 1327 825 1372 ramicosis
854 1325 1259 1388 hydrocelicisque
1290 1329 1500 1389 asparagi
1531 1327 1639 1374 duri
1668 1342 1738 1375 ra·
1770 1336 1824 1374 23

148 1396 277 1443 dices
315 1397 514 1443 siccatae
553 1402 599 1442 et
636 1401 858 1442 contusae
896 1402 942 1442 et
979 1395 1209 1442 cribratae
1240 1411 1347 1443 cum
1378 1411 1524 1457 aquae
1555 1396 1742 1444 hemina

147 1468 279 1528 potui
317 1467 502 1527 saepius
539 1465 670 1511 datae
709 1464 926 1511 celeriter
968 1464 1263 1512 subveniunt.

85 1549 127 1579 20
288 1535 460 1582 Pilulas
498 1536 709 1596 cupressi
746 1534 918 1581 virides
956 1549 1013 1580 ex
1050 1537 1156 1580 vino
1194 1541 1350 1582 vetere
1382 1535 1439 1582 ad
1469 1538 1631 1583 tertias
1662 1537 1740 1584 de·
1773 1545 1828 1583 24

149 1619 298 1666 coque
337 1611 383 1651 et
420 1605 611 1666 cyathos
648 1604 783 1650 binos
815 1603 985 1650 cotidie
1015 1606 1171 1651 ieiuno
1205 1604 1425 1651 hernioso
1456 1608 1589 1666 potui
1620 1606 1740 1670 dato,

148 1681 248 1722 tum
285 1674 392 1740 folia
431 1674 639 1721 eiusdem
677 1675 787 1720 trita
819 1673 1049 1720 testiculis
1079 1676 1320 1738 imponito,
1357 1677 1474 1721 mire
1504 1676 1740 1739 proderis3

147 1759 253 1790 nam
290 1744 378 1791 hoc
418 1744 676 1790 remedium
715 1743 874 1790 multis
912 1745 1245 1804 experimentis
1281 1743 1529 1804 probatum
1568 1751 1653 1793 est.

287 1813 508 1875 Lapidem
545 1815 777 1874 ignarium
807 1821 1055 1859 contusum
1086 1815 1267 1860 resinae
1298 1816 1495 1861 mixtum
1525 1829 1610 1875 pro
1643 1830 1739 1862 em·
1770 1823 1824 1861 25

86 1895 127 1926 25
150 1883 325 1944 plastro
364 1885 548 1943 impone
588 1884 831 1944 ramicOSO‚
869 1884 1024 1928 statim
1063 1883 1286 1943 proderit.

289 1952 340 1998 Si
375 1967 521 2013 puero
559 1958 721 1998 tenero
763 1966 919 1998 ramex
966 1952 1281 2015 descenderit,
1328 1967 1540 2000 cerasum
1586 1954 1738 2001 novel-
1770 1963 1824 2000 26

146 2022 236 2068 lam
274 2021 511 2068 radicibus
548 2023 644 2068 suis
676 2027 875 2068 stantem
912 2021 1111 2067 mediam
1141 2022 1317 2084 findite,
1355 2024 1417 2069 ita
1449 2030 1500 2069 ut
1531 2038 1615 2084 per
1644 2024 1737 2086 pla·

150 2106 253 2151 gam
290 2106 407 2153 puer
445 2093 579 2137 traici
616 2093 777 2152 possit,
815 2105 867 2137 ac
904 2105 1069 2137 rursus
1105 2091 1398 2138 arbusculam
1430 2094 1660 2154 coniunge
1693 2100 1739 2141 et

147 2161 254 2207 fimo
300 2160 475 2207 bubulo
521 2160 715 2221 aliisque
762 2161 978 2206 fomentis
1025 2159 1199 2223 obline,
1246 2176 1337 2222 quo
1376 2161 1558 2208 facilius
1596 2164 1644 2209 in
1684 2178 1735 2209 se

82 2243 125 2273 30
150 2245 264 2291 quae
303 2233 447 2277 scissa
486 2236 594 2276 sunt
632 2235 808 2276 coeant.
863 2229 1044 2283 Quanto
1076 2236 1229 2276 autem
1261 2230 1461 2277 celerius
1492 2231 1738 2279 arbuscula

148 2300 373 2347 coaluerit
417 2306 463 2347 et
508 2301 773 2346 cicatricem
812 2299 1016 2360 duxerit,
1063 2305 1191 2346 tanto
1231 2301 1369 2346 citius
1408 2314 1565 2347 ramex
1602 2303 1739 2362 pueri

146 2369 398 2416 sanabitur.

286 2439 503 2486 Testibus
535 2440 677 2485 nimie
708 2438 1031 2484 crescentibus
1062 2439 1240 2485 cicutae
1272 2439 1402 2486 radix
1428 2441 1537 2485 trita
1562 2446 1607 2486 et
1631 2454 1738 2487 cum
1768 2449 1822 2488 27

147 2510 221 2554 ovi
264 2508 366 2555 albo
411 2510 626 2570 imposita
669 2508 896 2555 medetur.
965 2507 1191 2555 Cerussae
1229 2508 1276 2555 P.
1308 2508 1348 2572 Ι,
1386 2510 1505 2555 turis
1542 2509 1738 2557 masculi
1767 2519 1822 2557 28

288 2619 310 2656 7
343 2613 547 2669 spongia]
579 2615 632 2667 cf.
656 2615 779 2657 Plin.
802 2628 845 2655 n.
869 2615 907 2655 h.
933 2618 1001 2667 31,
1027 2617 1119 2655 129.
1259 2619 1308 2655 13
1340 2614 1420 2656 lini
1451 2615 1649 2671 seminis]
1681 2617 1737 2666 cf.

148 2670 266 2711 Ptin.
291 2683 333 2712 n.
358 2671 397 2711 h.
420 2674 487 2722 20,
511 2674 607 2712 251.
773 2675 823 2712 15
855 2683 970 2722 aqua
1000 2669 1190 2724 marina]
1223 2671 1276 2722 cf.
1302 2670 1421 2713 Ptin.
1445 2684 1488 2712 n.
1511 2672 1551 2714 h.
1576 2675 1644 2724 31,
1670 2677 1738 2714 65.

147 2730 201 2768 20
230 2724 392 2778 pilulas
425 2724 640 2780 cupressi]
673 2726 729 2778 cf.
756 2726 857 2769 Pin.
881 2739 924 2768 n.
949 2726 987 2767 h.
1012 2729 1079 2779 24,
1105 2730 1169 2767 15.
