1898 3016
728 101 1103 153 —251—

258 234 401 281 Radix
442 234 651 294 asparagi
689 232 799 278 trita
838 237 884 278 et
921 245 976 277 ex
1010 233 1113 277 vino
1145 232 1276 291 potui
1308 230 1411 277 data
1443 229 1707 278 lumborum
1742 240 1794 278 26

118 312 167 352 et
197 318 416 351 coxarum
447 301 595 348 dolori
627 303 742 348 mire
773 300 1000 348 medetur.
1050 299 1212 347 Nuclei
1243 299 1588 361 amygdalarum
1612 302 1712 347 triti
1743 309 1796 348 27

120 389 175 421 ex
220 380 351 421 aceto
396 373 494 434 poti
537 370 708 418 lumbis
752 370 1013 417 medentur.
1080 369 1379 416 Nasturcium
1417 384 1525 416 cum
1564 370 1711 417 farina
1742 379 1795 418 28

119 445 399 506 permixtum
438 448 483 488 et
522 455 576 487 ex
614 447 745 487 aceto
783 440 931 487 calido
969 439 1139 486 lumbis
1177 439 1412 502 medetur,
1458 441 1499 485 si
1535 441 1710 501 inposi-

73 521 219 560 otum
265 513 420 559 fuerit.
488 509 683 557 Gladioli
728 510 858 556 radix
904 516 1098 556 contusa
1145 524 1250 556 cum
1292 509 1485 570 sulpure
1524 510 1625 555 vivo
1664 516 1711 556 et
1741 519 1793 558 29

118 583 251 645 adipe
290 583 450 629 ursina
487 579 658 627 lumbis
695 581 894 640 inposita
932 578 1185 640 plurimum
1223 579 1427 640 prodest.

257 651 531 698 Remedium
563 649 829 696 coxendicis
859 650 1030 694 mirum
1055 648 1111 694 de
1137 650 1457 709 experimento
1489 650 1577 695 sic:
1612 648 1710 694 Mu·
1742 657 1822 695 30·

117 721 309 768 scerdae
339 734 504 766 novem
535 721 671 766 tritae
703 733 758 764 ex
789 720 884 763 vini
916 719 1154 778 quartario
1190 732 1332 779 super
1367 718 1608 765 scabillum
1639 717 1711 764 vel

117 791 275 838 sellam
314 789 541 836 laboranti
579 789 709 849 potui
747 787 930 848 dantur,
968 789 1031 834 ita
1061 795 1113 834 ut
1143 788 1260 848 pede
1291 802 1385 833 uno
1417 802 1555 848 quem
1587 787 1712 834 dolet

53 872 96 907 ιο
118 868 244 908 stans
288 860 344 906 ad
390 861 617 905 orientem
655 871 818 903 versus
855 859 1093 918 potionem
1129 856 1258 903 bibat
1296 863 1342 903 et
1379 871 1485 903 cum
1525 857 1711 913 biberit,

118 930 237 977 saltu
286 928 469 976 desiliat
513 933 559 974 et
604 934 676 973 ter
722 941 814 973 uno
860 926 978 987 pede
1025 925 1157 972 saliat
1201 933 1339 987 atque
1381 926 1469 973 hoc
1507 940 1591 988 per
1631 928 1710 973 tri-

117 1000 260 1047 duum
299 999 448 1061 faciat,
486 997 731 1044 confestim
768 996 975 1042 remedio
1013 995 1335 1056 gratulabitur.

257 1068 477 1128 Malagma
523 1067 725 1112 sciaticis
769 1067 940 1112 mirum
988 1067 1076 1112 sic:
1137 1065 1342 1111 Storacis
1383 1091 1441 1097 —-
1485 1065 1547 1127 ΙΙ,
1591 1066 1710 1126 picis
1742 1074 1792 1112 31

117 1138 163 1184 P.
196 1138 250 1199 ΙΙ,
288 1151 422 1184 cerae
460 1137 509 1183 P.
540 1136 572 1197 1,
610 1141 768 1196 guttae
806 1137 1120 1181 ammoniacae
1164 1161 1219 1168 —
1256 1134 1328 1196 VI,
1370 1136 1553 1181 resinae
1590 1141 1710 1181 tere-

55 1222 96 1254 15
120 1208 359 1254 bintbinae
395 1232 453 1239 —-
481 1205 552 1264 Vl,
583 1205 766 1266 galbani
800 1230 859 1237 -
886 1204 942 1266 ΙΙ,
972 1219 1165 1250 mannae
1199 1206 1317 1250 turis
1343 1231 1405 1236 —-
1432 1204 1485 1250 Il.
1546 1204 1710 1251 Omnia

119 1292 237 1339 quae
268 1275 505 1323 tundenda
536 1281 644 1321 sunt
675 1276 723 1320 in
753 1273 993 1335 pulverem
1024 1274 1207 1334 rediges
1237 1281 1283 1320 et
1315 1273 1593 1320 admiscebis
1623 1273 1711 1336 his,

118 1361 235 1407 quae
274 1347 370 1407 igni
406 1344 684 1391 remittenda
724 1351 846 1405 sunt,
885 1350 932 1390 et
969 1344 1171 1404 desuper
1203 1345 1322 1389 aceti
1354 1351 1581 1404 quantum
1617 1343 1710 1390 suf-

116 1416 240 1462 ficiat
277 1415 637 1475 medicamento,
675 1413 785 1459 dum
824 1415 1115 1475 excoquitur,
1154 1414 1324 1475 mitteS‚
1363 1419 1410 1459 et
1447 1427 1554 1459 cum
1592 1427 1709 1475 opus

115 1485 271 1547 suerit,
308 1484 454 1531 calido
493 1484 654 1530 uteris.

47 1571 92 1601 ρο
254 1555 322 1600 Ad
367 1555 571 1600 nesciam
609 1552 869 1599 remedium
908 1552 1132 1598 dictatum
1171 1566 1194 1596 a
1233 1551 1361 1598 Iusto
1400 1551 1581 1598 medico
1620 1553 1708 1598 sic:
1739 1559 1793 1598 32

114 1624 317 1671 Herbam
355 1624 656 1684 argimoniam
695 1629 741 1668 et
778 1621 970 1667 herbam
1007 1621 1254 1667 verbenam
1298 1629 1344 1667 et
1373 1621 1628 1682 lapathium
1664 1628 1710 1667 et

114 1694 365 1755 bugillonis
395 1693 600 1739 radicem
631 1692 791 1752 aequis
823 1690 1119 1751 portionibus
1145 1690 1216 1736 vel
1239 1690 1528 1751 ponderibus
1554 1692 1708 1737 mittes

114 1765 163 1810 in
200 1763 340 1824 pilam
377 1769 424 1809 et
454 1761 622 1809 tundes
654 1767 700 1807 et
731 1775 836 1806 cum
869 1767 1033 1806 tunsae
1064 1760 1182 1806 bene
1218 1760 1405 1822 fuerint,
1443 1760 1585 1806 addes
1617 1761 1711 1806 viui

116 1833 301 1879 candidi
343 1830 484 1878 &111
531 1837 577 1876 et
622 1829 836 1876 manibus
882 1829 1077 1890 agitabis
1119 1844 1224 1876 cum
1263 1831 1363 1890 ipso
1402 1830 1508 1875 vino
1547 1829 1708 1875 diutis-

52 1917 94 1948 25
118 1905 247 1964 sime,
286 1907 444 1963 postea
484 1901 637 1946 omnia
675 1901 832 1945 mittes
869 1900 917 1945 in
952 1898 1146 1945 linteum
1178 1900 1381 1960 spissum
1412 1906 1458 1945 et
1490 1913 1709 1959 expressa

118 1971 291 2018 colabis
329 1977 467 2032 atque
506 1970 593 2031 his,
630 1982 746 2029 quae
785 1968 932 2015 colata
970 1969 1158 2031 fuerint,
1196 1968 1400 2028 desuper
1437 1968 1578 2014 addes
1617 1970 1709 2014 vini

117 2040 456 2102 aliquantulum
493 2046 540 2085 et
570 2039 744 2100 piperis
775 2052 916 2098 grana
947 2039 1137 2098 triginta
1168 2040 1296 2100 trita3
1327 2037 1624 2098 postmodum
1655 2052 1711 2084 ex

119 2111 206 2157 hoc
243 2110 548 2157 medicamine
587 2109 877 2169 quartarium
911 2107 1184 2154 calefactum
1216 2108 1372 2154 ieiuno
1403 2106 1633 2154 laboranti
1663 2109 1710 2154 in

119 2179 297 2242 balneo,
334 2179 445 2226 dum
481 2180 530 2224 in
568 2177 682 2224 solio
721 2183 805 2238 est,
843 2191 927 2237 per
964 2177 1174 2223 triduum
1211 2176 1342 2223 dabis
1379 2176 1647 2223 bibendum.

54 2260 95 2295 30
258 2250 324 2295 Ad
357 2249 561 2295 nesciam
593 2247 837 2309 physicum
868 2246 1147 2293 remedium:
1178 2246 1447 2292 Testudinis
1471 2248 1709 2307 aquaticae
1741 2255 1795 2292 33

119 2334 228 2365 crus
273 2318 489 2380 praecide
534 2322 581 2363 et
626 2317 871 2377 phoenicio
917 2316 1175 2362 involutum
1221 2330 1277 2361 ex
1322 2330 1375 2362 ea
1420 2322 1574 2376 parte,
1621 2330 1710 2377 qua

0 2383 1 2446 l
120 2390 226 2449 quis
263 2389 466 2434 nesciam
503 2388 693 2448 patitur,
731 2385 924 2447 adpone,
962 2392 1178 2445 potenter
1214 2384 1560 2431 remediabitur.

261 2457 336 2503 Git
374 2463 597 2517 quantum
637 2455 788 2502 tribus
828 2455 985 2515 digitis
1023 2454 1122 2501 tolli
1159 2461 1313 2514 potest
1350 2461 1588 2514 sumptum
1630 2456 1710 2501 tri·
1742 2462 1796 2501 34

122 2534 313 2587 tumque
359 2534 405 2572 et
448 2528 572 2587 passi
616 2525 794 2587 cyathis
832 2524 1015 2570 duobus
1053 2538 1295 2585 aspersum
1333 2524 1527 2570 adiectis
1565 2538 1711 2585 aquae

262 2636 286 2672 2
318 2632 648 2685 amigdalarum.
729 2635 754 2672 3
785 2630 913 2672 aceti.
1000 2634 1027 2671 4
1056 2630 1298 2673 medentur.
1386 2634 1410 2671 7
1440 2630 1712 2673 muscarel-ae.

126 2692 175 2729 12
206 2687 461 2729 remedium.
599 2691 648 2729 13
681 2685 897 2729 sceaticis.
1036 2685 1264 2728 storachis.
1395 2689 1446 2727 21
1477 2685 1712 2741 lapacium.

123 2748 176 2785 30
206 2742 426 2797 phynicio.
542 2747 595 2784 34
625 2741 838 2785 adiectae.
