1898 3016
778 124 1153 175 —223—

172 268 227 302 ex
274 269 327 302 ea
369 254 528 300 ieiuno
573 255 622 300 in
667 253 825 300 dolore
874 252 1123 299 bibendam
1176 251 1307 299 dabis
1360 252 1501 314 idque
1554 267 1638 315 per
1685 254 1766 300 tri-

170 325 315 373 duum
353 324 509 370 facies,

310 394 378 440 Ad
416 398 599 439 veteres
635 394 856 439 iocineris
894 391 1078 439 dolores
1115 393 1244 453 potio
1282 392 1455 452 optima
1494 393 1582 439 sic:
1623 392 1765 439 Nardi
1795 402 1820 440 6

172 466 326 526 spicae
360 458 422 530 ῼ-
453 462 567 525 VIII,
606 465 731 509 croci
762 456 824 529 2
855 461 909 525 ll,
946 476 1129 524 myrrae
1161 455 1223 528 9-
1254 460 1330 524 Ill,
1369 463 1520 508 casiae
1556 455 1618 528 ῼ-
1651 461 1766 525 VIII,

128 546 148 578 5
171 534 363 582 schoeni
396 527 457 600 9³
481 532 594 579 VIII.
651 531 816 579 Omnia
846 533 955 579 trita
986 539 1033 579 et
1062 531 1254 578 criblata
1286 531 1420 578 melle
1452 533 1626 593 optimo
1658 546 1765 579 con-

169 603 435 665 prehendes
467 610 513 650 et
543 601 674 649 dahis
697 603 854 648 ieiuno
878 604 927 648 in
950 603 1140 664 potione
1166 595 1227 669 40³
1252 600 1314 647 III
1338 615 1393 647 ex
1418 615 1563 663 aquae
1588 601 1764 648 mulsae

171 675 348 736 cyathis
386 672 483 736 IIII,
522 686 766 734 quousque
804 673 967 718 vitium
1006 674 1224 732 extirpes.

310 742 378 789 Ad
410 749 642 789 tumorem
672 742 892 788 iocineris
923 747 970 787 et
999 741 1054 787 ad
1086 741 1368 802 dyspnoeam
1393 741 1652 788 remedium
1675 742 1764 788 sic:
1796 751 1819 788 7

169 812 457 874 Petrosilini,
499 813 638 874 costi,
676 810 990 872 chamaepitys
1027 825 1173 872 aequa
1211 811 1417 872 pondera
1454 811 1640 874 tundes,
1677 812 1765 857 cri-

50 943 51 946 ,
105 896 147 926 10
169 883 317 930 blahis
348 888 395 928 et
424 881 555 929 dabis
585 882 743 928 ieiuno
767 882 946 942 epatico
970 880 1063 927 duo
1088 879 1305 927 cocliaria
1329 895 1435 927 cum
1461 895 1578 941 aqua
1601 880 1766 928 mulsa.

168 952 486 1014 Melambium,
515 951 563 997 id
595 957 665 998 est
693 952 774 1012 git,
804 958 1030 1012 quantum
1061 949 1270 997 cocleare
1301 952 1544 1013 recipitur,
1574 956 1764 997 contere
1795 961 1820 998 8

170 1029 217 1070 et
261 1022 318 1069 da
363 1036 470 1068 cum
516 1023 622 1067 vino
666 1020 824 1082 tepido
875 1019 1002 1067 dulci
1052 1019 1305 1066 bibendum
1357 1021 1515 1066 ieiuno
1569 1021 1764 1081 epatico.

168 1092 374 1139 Nimium
411 1091 961 1138 laudatum-iocinerosis
991 1090 1250 1136 remedium
1286 1091 1373 1137 sic:
1411 1089 1568 1136 Picem
1600 1090 1765 1136 duram
1795 1099 1819 1136 9

171 1168 362 1209 contere
393 1167 439 1208 et
471 1175 527 1207 ex
559 1175 610 1207 ea
642 1160 698 1206 da
722 1160 977 1221 potandum
999 1161 1156 1207 ieiuno
1181 1161 1360 1221 epatico
1385 1159 1594 1206 cocleare
1618 1174 1764 1206 unum

106 1245 147 1276 15
170 1247 277 1279 cum
314 1233 420 1277 vino
451 1236 654 1277 austero.
712 1229 765 1275 In
802 1230 971 1276 lamina
1002 1238 1190 1290 stagnea
1221 1229 1396 1276 scribe:
1434 1229 1501 1276 Ite
1531 1230 1772 1276 ΝΕΡΩΝ
1799 1239 1850 1278 1ο

170 1309 216 1349 et
247 1302 451 1362 desuper
480 1314 650 1346 nomen
681 1301 783 1346 eius
812 1301 1077 1362 iocinerosi,
1108 1300 1186 1346 cui
1214 1299 1394 1345 mederi
1414 1299 1555 1362 voles,
1590 1298 1765 1361 scribe3

168 1373 386 1418 laminam
424 1385 533 1416 vero
572 1369 677 1416 licio
715 1369 901 1430 ligatam
939 1368 1056 1415 collo
1099 1371 1201 1415 eius
1238 1369 1498 1431 suspendes
1540 1368 1765 1415 mundus-

171 1456 261 1503 que
299 1441 345 1487 id
384 1441 536 1486 facito.

310 1509 532 1556 Absintbi
570 1509 754 1571 florem,
793 1509 985 1571 casiam,
1023 1522 1235 1571 crocum,
1272 1508 1407 1554 nardi
1445 1509 1635 1571 spicam,
1672 1523 1768 1555 asa·
1801 1519 1851 1556 11

116 1594 158 1625 20
181 1595 300 1643 rum,
333 1579 524 1626 schoeni
553 1578 730 1642 florem,
761 1578 936 1640 folium,
966 1579 1221 1638 masticem,
1244 1577 1624 1640 xylobalsamum,
1647 1593 1769 1625 amo—

170 1664 313 1713 mum,
337 1651 603 1696 cinnamum
627 1648 682 1694 ad
708 1647 921 1709 dragmas
946 1653 1176 1709 septenas,
1199 1647 1325 1694 aloes
1347 1647 1533 1694 Indicae
1550 1646 1673 1709 drag.
1692 1646 1769 1695 VI:

174 1719 342 1767 tundes
387 1724 434 1765 et
477 1717 706 1765 cribrabis
750 1718 930 1779 singula
969 1719 1218 1779 separatim
1257 1718 1511 1779 eademque
1548 1717 1769 1764 miscebis

171 1796 311 1851 atque
349 1788 456 1835 inde
495 1787 711 1834 cocliaria
749 1787 856 1834 bina
901 1789 1060 1834 ieiuno
1098 1789 1280 1849 epatico
1319 1802 1426 1834 cum
1462 1787 1612 1834 mulsa
1651 1802 1769 1848 aqua

172 1859 327 1920 tepida
360 1863 441 1905 aut
471 1859 578 1903 vino
608 1863 766 1903 vetere
798 1863 985 1904 austero
1015 1872 1102 1918 per
1131 1857 1341 1904 triduum
1365 1857 1517 1920 dahis3
1549 1857 1671 1918 quod
1696 1871 1767 1903 re-

109 1942 150 1974 25
173 1928 380 1975 medium
411 1934 456 1973 et
480 1927 534 1973 ad
560 1927 866 1988 digestionem
892 1933 938 1974 et
960 1927 1017 1973 ad
1042 1926 1277 1988 crapulam
1301 1927 1623 1988 deponendam
1646 1927 1769 1973 facit.

312 1997 584 2044 Antidotum
615 1997 670 2043 ad
703 1998 909 2058 epaticos
933 1999 1020 2043 sic:
1057 1996 1264 2043 Pelecini
1287 1998 1493 2060 seminis,
1523 1998 1767 2059 eupatorii,
1800 2006 1850 2044 12

175 2069 395 2114 iocineris
433 2067 602 2128 lupini,
640 2068 758 2127 picis
795 2066 1025 2129 Bruttiae,
1063 2068 1202 2129 costi,
1240 2066 1552 2129 faenograeci,
1589 2068 1767 2127 piperis

171 2139 320 2201 paria3
358 2137 473 2183 haec
504 2136 687 2199 tundes,
722 2136 941 2183 crihlahis
980 2142 1027 2182 et
1062 2135 1198 2182 melle
1236 2136 1590 2198 conprehendes
1629 2142 1766 2196 atque

172 2208 280 2254 inde
313 2208 537 2268 catapotia
569 2206 624 2252 ad
650 2207 816 2253 ciceris
839 2206 1206 2267 magnitudinem
1231 2221 1286 2252 ex
1310 2221 1428 2268 aqua
1452 2206 1597 2253 calida
1622 2205 1766 2253 dabis.

109 2290 151 2321 30
313 2276 584 2323 Antidotum
622 2275 887 2322 Philonium
925 2275 981 2322 ad
1019 2276 1239 2322 iocineris
1277 2282 1324 2322 et
1360 2276 1417 2322 ad
1455 2277 1663 2322 omnium
1703 2277 1766 2322 vi·
1799 2286 1849 2323 13

174 2361 360 2394 scerum
390 2347 675 2392 intrinsecus
707 2346 914 2393 dolorem
946 2347 1035 2392 sic:
1067 2344 1203 2392 Croci
1228 2371 1287 2379 —
1314 2345 1365 2408 V,
1395 2345 1607 2407 pyrethri
1628 2344 1766 2407 idem,

172 2417 348 2478 piperis
378 2416 470 2462 albi
500 2413 624 2477 drag.
648 2415 746 2478 XX,
783 2416 1050 2478 hyoscyami
1081 2415 1194 2477 drag
1215 2414 1314 2479 XX,
1351 2414 1552 2462 euforbii
1581 2412 1708 2476 drag.
1732 2415 1766 2478 1,

172 2486 306 2532 nardi
349 2485 498 2532 Indici
541 2483 666 2547 drag.
704 2485 743 2548 I,
789 2487 883 2548 opii
921 2483 1048 2545 drag.
1079 2484 1112 2532 Ι.
1185 2484 1313 2540 Quae
1354 2490 1466 2532 sunt
1502 2486 1626 2532 sicca
1661 2491 1766 2532 tun-

174 2556 363 2618 duntur,
401 2561 556 2602 cetera
592 2557 642 2602 in
678 2557 900 2603 mortario
940 2561 1251 2602 conteruntur
1288 2560 1335 2601 et
1370 2555 1601 2617 permixta
1629 2554 1766 2602 melle

314 2666 339 2704 3
368 2661 680 2716 nardispiscae.
805 2667 832 2704 4
860 2662 1033 2705 mirrae.
1155 2665 1181 2703 5
1217 2661 1374 2704 scoeni.
1491 2666 1515 2704 8
1547 2660 1765 2714 dispnian.

176 2723 201 2760 9
231 2716 500 2771 petrosileni.
645 2718 950 2773 chamaepitis.
1093 2721 1146 2759 20
1178 2718 1338 2759 scoeni.
1479 2722 1532 2759 26
1562 2715 1764 2759 beleeini.

174 2773 395 2827 etpatorii.
468 2777 520 2815 28
551 2787 611 2817 an
639 2775 766 2828 paria
793 2774 1018 2828 pondera?
1089 2778 1140 2815 31
1171 2772 1370 2827 pirethri.
1442 2778 1493 2815 32
1524 2772 1764 2826 yoscyami.
