1898 3016
817 93 1190 144 —252—

207 221 381 269 calidae
420 222 598 283 cyathis
637 222 831 269 totidem
862 228 1051 283 epotum
1087 224 1284 268 maxime
1314 223 1507 284 prodest
1536 222 1803 269 lumborum

121 299 175 338 35
208 291 370 338 dolori.
416 291 497 337 Fel
526 299 680 338 terrae
711 293 876 338 tritum
907 306 963 337 ex
994 293 1313 338 vetustissimo
1342 294 1448 339 vino
1479 292 1641 339 bibere
1672 292 1803 339 dabis

205 363 363 408 ieiuno
409 376 551 422 supra
595 361 738 408 limen
784 362 926 407 stanti
969 375 1063 407 uno
1109 361 1251 423 pede,
1295 364 1377 422 qui
1413 377 1575 409 coxam
1613 361 1803 424 dolebit,

208 431 290 478 sed
329 446 422 478 non
459 433 508 477 in
546 433 664 478 vitro
702 431 822 477 hanc
861 432 1098 491 potionem
1134 431 1274 477 bibat.

122 509 174 548 36
345 500 573 548 Praesens
617 500 878 547 remedium
924 500 979 546 ad
1025 514 1166 547 coxae
1211 500 1419 547 dolorem
1466 502 1558 548 sic:
1608 501 1846 547 Artemi-5

208 572 322 617 siam
366 571 542 617 aridam
590 570 780 631 tundes,
834 569 1062 616 cribrabis
1118 576 1164 616 et
1215 585 1272 616 ex
1317 572 1422 616 vino
1469 569 1598 616 dabis
1642 569 1805 616 bibere

122 648 174 686 37
207 642 389 701 ieiuno,
427 642 649 686 continuo
688 639 1013 686 emendabitur
1049 641 1226 686 vitium.
1292 639 1474 686 Herhae
1512 640 1721 702 pteridis,
1757 639 1805 686 id

208 716 280 756 est
323 709 545 771 filiculae,
589 724 708 770 quae
752 711 866 755 ratis
912 709 1084 755 Gallice
1130 710 1302 756 dicitur
1347 724 1559 771 quaeque
1608 711 1656 756 in
1701 710 1805 770 fago

209 794 347 840 saepe
392 781 623 842 nascitur,
671 780 853 826 radices
897 786 1062 825 tunsae
1106 781 1153 825 in
1199 781 1389 840 potione
1433 781 1589 826 ieiuno
1635 779 1806 825 dantur

210 863 317 895 cum
355 851 462 895 vino
501 863 723 895 coxarum
761 849 1001 895 doloribus
1037 848 1279 896 laboranti.
1829 861 1870 892 10

124 926 177 964 38
348 918 580 965 Hederam
611 925 658 966 et
686 918 879 964 herbam
905 918 1121 964 Sabinam
1147 921 1308 980 aequis
1331 918 1626 979 portionibus
1650 920 1807 965 tritam

214 1003 269 1034 ex
314 990 420 1034 vino
467 995 654 1035 austero
693 988 749 1034 ad
787 988 975 1034 modum
1015 988 1245 1034 avellanae
1284 989 1385 1034 dari
1423 989 1612 1035 sciatico
1650 990 1808 1034 ieiuno

212 1062 398 1118 oportet
428 1072 512 1118 per
543 1058 767 1119 triduum,
799 1057 959 1103 eadem
984 1059 1110 1118 potio
1136 1059 1274 1103 etiam
1298 1057 1421 1103 aliud
1446 1057 1617 1104 malum
1642 1072 1808 1103 coxen-

125 1135 177 1173 39
211 1127 328 1173 dicis
374 1135 555 1188 purgat.
622 1127 820 1187 Trixago
865 1126 1010 1172 herba
1048 1127 1296 1173 fervefacta
1335 1141 1441 1173 cum
1480 1141 1596 1188 aqua
1638 1142 1690 1173 ac
1726 1127 1809 1173 tri-

124 1205 178 1242 40
210 1197 301 1243 duo
338 1198 472 1258 potui
509 1197 613 1242 data
652 1198 896 1242 sciaticum
934 1197 1130 1242 mirifice
1177 1203 1320 1243 sanat.
1384 1196 1674 1243 Corcodillus
1711 1202 1807 1243 ter-
1833 1209 1874 1240 15

212 1280 356 1312 renus
402 1267 627 1327 praecisis
676 1268 869 1312 summis
908 1266 1120 1326 partibus
1159 1269 1423 1327 egestisque
1461 1268 1716 1313 interaneis
1754 1281 1810 1312 ex

215 1337 317 1382 iure
356 1343 517 1382 coctus
556 1335 731 1382 cibatui
767 1336 901 1382 datus
940 1350 1156 1397 magnum
1196 1337 1399 1383 sciaticis
1440 1342 1646 1397 praestat
1683 1337 1810 1382 auxi·

127 1415 179 1451 41
213 1405 340 1452 lium.
400 1405 561 1452 Fimus
600 1420 808 1466 aprunus
847 1407 951 1451 vino
990 1407 1216 1451 remissus
1248 1406 1507 1467 tepefactus
1538 1405 1810 1466 colatusque

217 1483 263 1522 et
301 1475 500 1521 duorum
541 1475 815 1536 cyathorum
852 1489 1070 1521 mensura
1107 1477 1238 1536 potui
1277 1476 1412 1522 datus
1451 1477 1653 1522 sciaticis
1691 1474 1810 1521 salu-

130 1554 184 1590 4-2
216 1544 421 1591 berrime
459 1545 687 1591 medetur.
748 1544 960 1606 Rubiam,
999 1559 1088 1605 qua
1120 1544 1263 1605 pelles
1294 1546 1581 1607 inficiuntur,
1620 1545 1810 1591 cottidie
1833 1558 1874 1588 20

127 1624 181 1661 43
212 1614 375 1660 bibere
408 1616 611 1661 sciaticis
642 1614 756 1660 utile
789 1621 860 1660 est
891 1621 937 1660 et
967 1616 1015 1660 in
1046 1614 1210 1660 balneo
1243 1615 1442 1661 ferventi
1471 1614 1626 1661 lavari.
1675 1614 1810 1660 Geni-

214 1690 312 1731 stae
344 1686 463 1731 rami
493 1684 707 1745 plurimis
738 1683 902 1730 diebus
933 1685 981 1729 in
1012 1691 1142 1730 aceto
1166 1692 1476 1746 macerantur,
1508 1684 1674 1730 deinde
1704 1691 1810 1730 tun—

213 1754 390 1801 duntur
428 1761 475 1800 et
512 1755 855 1815 exprimuntur,
893 1768 947 1799 ex
987 1768 1041 1800 eo
1073 1768 1186 1800 suco
1218 1754 1411 1815 cyathus
1442 1768 1564 1800 unus
1595 1753 1651 1799 ad
1686 1753 1808 1799 diem

214 1825 420 1886 sciatico,
457 1837 702 1884 quousque
742 1829 946 1885 sanetur,
984 1824 1193 1871 offertur.
1808 1823 1817 1829 ν

129 1902 183 1939 44
355 1893 541 1939 Fimum
579 1893 808 1939 bubulum
847 1893 1124 1955 ferventem,
1171 1907 1307 1954 quem
1348 1894 1394 1951 in
1433 1894 1592 1939 cinere
1630 1892 1813 1939 ardenti
1835 1904 1875 1936 25

217 1962 503 2025 calefeceriS,
541 1978 762 2009 coxarum
801 1962 950 2009 dolori
986 1965 1211 2025 inponito,
1249 1962 1503 2023 plurimum
1540 1963 1746 2022 prodest.

129 2040 183 2079 45
355 2031 537 2078 Vermis
575 2039 795 2079 terrenus
830 2032 1064 2079 exfoditur
1095 2039 1141 2079 et
1170 2034 1218 2078 in
1250 2032 1401 2093 ligneo
1433 2046 1576 2078 cauco
1606 2033 1811 2092 ponitur,

215 2103 254 2148 si
291 2103 394 2148 fieri
424 2108 580 2163 potest
611 2103 720 2148 fisso
753 2109 799 2149 et
829 2103 954 2148 ferro
985 2103 1183 2164 alligato,
1220 2109 1333 2148 tunc
1365 2116 1482 2161 aqua
1511 2101 1811 2162 perfunditur

214 2186 476 2232 rursusque
515 2172 678 2218 eodem
715 2172 832 2233 loce,
871 2172 994 2218 unde
1032 2172 1241 2232 prolatus
1279 2179 1363 2232 est,
1395 2171 1652 2233 defoditur3
1692 2185 1810 2231 aqua

215 2255 340 2305 vero,
378 2243 426 2287 in
465 2256 556 2302 qua
593 2242 771 2288 dilutus
810 2248 894 2303 est,
931 2243 979 2287 in
1019 2242 1180 2288 eodem
1218 2240 1386 2303 poculo
1424 2240 1601 2286 bibitur
1639 2255 1661 2286 a
1694 2241 1805 2286 scia·
1831 2253 1873 2284 30

213 2312 306 2358 tico
345 2310 403 2356 ob
441 2313 622 2372 insigne
661 2311 933 2357 remedium.

130 2390 183 2427 46
355 2381 422 2426 Ad
469 2383 673 2427 nesciam
725 2381 985 2427 remedium
1033 2383 1121 2427 sic:
1173 2379 1327 2426 Herba
1372 2378 1648 2439 pentasyllos
1686 2378 1809 2425 foliis

215 2450 452 2511 fragorum
497 2451 730 2497 simillima
772 2451 893 2496 Iovis
939 2451 1014 2496 die
1060 2450 1250 2497 collecta
1303 2455 1350 2495 et
1394 2463 1499 2495 cum
1548 2450 1654 2494 vino
1699 2449 1807 2495 trita

356 2575 380 2610 3
411 2570 506 2625 qui]
540 2584 626 2623 quo
728 2575 754 2611 4
783 2570 927 2624 bibat]
954 2569 1099 2611 dabat.
1189 2573 1213 2610 5
1239 2569 1528 2610 artemesiam.
1609 2574 1631 2610 7
1655 2569 1807 2622 hepte-

215 2624 335 2666 ridis.
439 2630 463 2666 8
494 2627 739 2668 filiciculae.
843 2630 893 2667 13
924 2624 1102 2678 oportit.
1206 2630 1255 2666 19
1287 2626 1514 2678 cyatorum
1546 2636 1806 2666 mensuram.

217 2684 269 2721 20
299 2681 483 2722 robiam.
599 2686 653 2722 24
683 2682 888 2724 sceatico.
1003 2685 1055 2722 25
1087 2680 1276 2722 cinerem
1312 2681 1505 2722 ardente.
1621 2685 1675 2722 30
1706 2691 1807 2721 vero

214 2736 259 2776 in
289 2749 376 2788 qua
405 2750 484 2779 om.
599 2738 645 2777 in
675 2751 754 2779 om.
870 2736 1072 2778 seeatico.
