1898 3016
121 504 141 536 5

102 852 144 883 10

103 1199 143 1230 15

102 1547 143 1578 20

103 2244 146 2275 80

772 79 1151 130 —199—

162 218 249 276 tet,
294 210 418 273 quod
463 211 565 257 fieri
610 209 749 256 debet
786 209 843 256 de
881 208 1145 270 plantagine
1185 222 1261 269 ea,
1300 221 1417 268 quae
1456 206 1757 268 arnoglossus

164 283 348 344 dicitur,
380 295 486 328 cum
517 286 647 327 aceto
678 281 809 342 trita3
841 279 958 326 cibis
990 286 1145 326 autem
1175 278 1246 325 uti
1276 276 1429 339 debet,
1460 279 1538 324 cui
1569 277 1756 324 meden-

164 352 273 399 dum
312 356 396 413 est,
434 351 634 397 austeris
672 356 719 396 et
744 350 980 411 stypticis.

304 420 589 482 Cataplasma
626 420 678 466 fit
714 419 952 466 stomacho
990 418 1219 465 laboranti
1257 431 1312 463 ex
1349 418 1500 478 pomis
1536 417 1757 478 cydoneis
1785 426 1842 465 38

165 492 337 552 optime
374 491 627 552 percoctis,
666 503 782 550 quae
820 503 956 550 poma
992 488 1208 535 manibus
1246 486 1551 548 subiguntur,
1589 486 1758 534 deinde

164 575 271 607 rosa
302 562 424 607 sicca
455 561 624 606 teritur
654 565 701 605 et
731 558 923 605 cribello
947 557 1213 605 medicinali
1236 556 1476 620 criblatur,
1506 564 1607 604 tum
1638 558 1760 604 aceti

165 631 328 691 optimi
367 635 591 691 quantum
629 629 830 676 sufficiat
870 629 1071 675 adicitur
1116 635 1163 675 et
1207 627 1345 674 simul
1389 628 1543 673 omnia
1587 627 1759 688 permi-

164 706 357 746 scentur
387 700 653 760 factumque
685 698 961 760 cataplasma
993 697 1231 745 stomacho
1262 696 1463 744 calidum
1494 697 1758 757 adponitur.

164 768 422 831 Portulaca,
458 769 546 815 hoc
584 774 656 814 est
693 768 833 814 alium
871 767 1111 829 Gallicum,
1149 769 1369 828 coquitur
1403 766 1757 827 diligentissime
1789 775 1843 813 39

166 844 212 885 et
255 845 440 885 coctum
483 838 602 884 bene
646 838 812 884 edetur
857 852 913 883 ex
958 845 1089 884 aceto
1134 836 1191 883 ab
1230 851 1305 899 e0,
1347 838 1428 897 qui
1465 836 1759 882 stomachum

165 907 339 954 dolebit
374 907 446 954 vel
483 909 700 954 vitiosum
737 907 947 969 habebit3
993 908 1085 954 cito
1131 909 1174 953 ei
1211 905 1434 968 proderit.
1509 905 1759 952 Cuminum
1788 914 1844 952 40

164 985 290 1024 teres
328 986 374 1024 et
403 980 508 1024 vino
539 979 736 1024 mixtum
766 977 897 1023 dabis
928 976 1183 1023 bibendum
1212 978 1386 1037 ieiuno,
1424 977 1463 1022 si
1493 980 1587 1022 non
1617 974 1758 1022 febri-

166 1047 346 1109 citabit3
377 1049 417 1093 si
447 1047 731 1094 febricitabit
762 1062 817 1093 ex
842 1061 960 1107 aqua
983 1049 1148 1093 tritum
1172 1045 1324 1108 dabis;
1356 1046 1579 1092 continuo
1604 1059 1759 1091 emen-

166 1117 351 1163 dabitur
389 1117 615 1163 stomachi
651 1116 796 1163 dolor.
856 1115 1064 1162 Nardum
1102 1122 1148 1162 et
1185 1117 1351 1162 mastix
1390 1122 1437 1161 et
1467 1129 1629 1161 semen
1666 1116 1761 1176 apii
1790 1123 1844 1161 41

167 1201 273 1234 cum
311 1186 423 1232 baca
460 1186 580 1232 lauri
617 1192 664 1233 et
700 1185 914 1232 absenthi
948 1187 1125 1231 semine
1157 1187 1318 1246 aequis
1349 1184 1619 1245 potionibus
1651 1198 1760 1231 con-

165 1262 405 1318 teruntur3
444 1255 594 1316 pulvis
625 1256 701 1302 hic
740 1269 883 1317 super
921 1255 1212 1301 stomachum
1250 1269 1470 1315 aspersus
1502 1256 1620 1301 mire
1651 1268 1761 1300 eum

165 1326 329 1372 reficit.
385 1324 601 1372 Absinthi
637 1325 799 1371 viridis
835 1325 1123 1386 manipulum
1162 1326 1210 1385 in
1248 1324 1445 1371 caccabo
1476 1338 1596 1370 novo
1627 1323 1760 1371 fictili
1791 1332 1844 1370 42

165 1410 273 1442 cum
311 1409 456 1456 aquae
493 1395 678 1442 hemina
716 1395 950 1455 decoques
988 1393 1044 1440 ad
1082 1395 1245 1440 tertias
1280 1400 1326 1440 et
1355 1395 1403 1439 in
1434 1396 1582 1455 ipsam
1611 1395 1760 1455 potio·

167 1479 273 1511 nem
307 1466 465 1511 mittes
495 1466 701 1511 masticis
729 1464 966 1510 modicum
998 1470 1046 1510 et
1074 1465 1251 1524 piperis
1283 1465 1384 1510 triti
1413 1478 1555 1524 grana
1579 1469 1761 1524 septem

166 1534 238 1581 vel
275 1548 439 1580 novem
477 1540 523 1580 et
561 1535 628 1581 sic
666 1548 800 1580 mane
837 1535 995 1580 ieiuno
1033 1533 1291 1580 bibendum
1337 1533 1489 1596 dabis,
1535 1535 1759 1580 continuo

166 1605 337 1651 sentiet
373 1603 600 1651 stomachi
637 1603 890 1650 laborantis
927 1602 1186 1650 medellam.

305 1673 374 1719 Ad
399 1674 626 1720 stomachi
649 1673 986 1720 carbunculum
1011 1672 1364 1734 reprimendum
1388 1671 1561 1718 dactuli
1583 1674 1632 1717 in
1652 1673 1759 1718 vino
1791 1681 1847 1720 43

167 1750 353 1790 austero
383 1750 680 1790 macerantur
709 1749 756 1789 et
786 1743 987 1790 admixto
1019 1757 1155 1804 pomo
1188 1742 1395 1804 cydoneo
1427 1747 1560 1788 cocto
1585 1748 1632 1789 et
1655 1756 1762 1789 rosa

167 1820 213 1859 et
257 1814 449 1859 mastice
494 1819 540 1859 et
577 1812 675 1859 aloe
715 1819 762 1859 et
799 1812 898 1859 oleo
940 1827 1130 1859 rosaceo
1170 1812 1409 1858 stomacho
1447 1811 1763 1874 adponuntur,

127 1884 231 1928 sita
275 1888 327 1929 ut
371 1882 646 1943 cataplasma
690 1882 798 1928 inde
836 1884 1183 1929 exactissimum
1219 1883 1318 1943 fiat3
1363 1888 1606 1942 praeterea
1644 1896 1763 1928 sem-

166 1966 253 2013 per
290 1959 395 1999 ante
437 1951 592 1998 cibum
636 1952 850 1998 infirmus
889 1951 1126 1998 stomacho
1173 1950 1311 1998 debet
1354 1953 1567 2012 accipere
1611 1950 1763 1998 mellis

167 2022 309 2068 Attici
353 2021 569 2069 cocliaria
613 2021 704 2068 duo
750 2021 822 2067 vel
864 2024 953 2067 tria
997 2023 1174 2082 pariter
1217 2022 1266 2067 in
1306 2022 1412 2067 vino
1458 2027 1645 2068 austero
1684 2021 1763 2067 de-

168 2093 308 2153 cocti,
348 2091 472 2153 quod
510 2090 703 2151 duplum
749 2092 809 2137 sit
853 2105 989 2152 quam
1035 2091 1147 2153 mel,
1192 2090 1262 2137 vel
1306 2105 1390 2151 pro
1428 2092 1535 2137 vino
1573 2097 1762 2138 austero

168 2175 310 2207 sucus
353 2175 566 2207 rosarum
610 2162 869 2222 permixtus
914 2160 1072 2222 detur3
1117 2161 1261 2207 siccat
1304 2162 1426 2206 enim
1472 2161 1765 2207 stomachum

169 2238 215 2277 et
259 2237 440 2277 recreat
485 2230 764 2277 dissolutum
810 2238 855 2276 et
898 2230 1028 2276 tarde
1076 2230 1232 2276 cibum
1282 2231 1608 2276 conficientem
1655 2244 1765 2277 con-

167 2301 333 2347 firmat.
392 2300 541 2346 Mellis
578 2300 695 2346 libra
739 2315 851 2361 una,
898 2301 1082 2360 senapis
1126 2301 1237 2346 tosti
1280 2314 1333 2346 ac
1370 2305 1478 2360 post
1515 2299 1763 2361 diligenter
1793 2309 1849 2346 44

167 2371 268 2416 triti
318 2371 483 2417 unciae
537 2370 654 2416 duae
706 2372 882 2430 pariter
934 2375 1202 2430 coquuntur
1254 2375 1301 2415 et
1355 2383 1411 2415 ex
1466 2383 1520 2416 eo
1572 2369 1764 2431 plenum

169 2440 377 2486 cocleare
428 2441 607 2502 ieiuno,
659 2441 740 2500 qui
792 2439 1019 2485 stomachi
1062 2438 1221 2485 dolore
1266 2438 1564 2501 laboraverit,
1612 2439 1763 2486 datur.

168 2510 236 2556 Ad
275 2509 564 2556 stomachum
610 2515 913 2556 nauseantem
959 2515 1005 2555 et
1050 2515 1363 2555 acescentem:
1409 2508 1654 2556 Coriandri
1692 2524 1761 2556 se-
1793 2518 1848 2557 45

314 2676 334 2713 1
368 2672 636 2726 arnoglosuS.
760 2677 784 2713 3
817 2670 1024 2725 stipticis.
1146 2674 1170 2711 8
1202 2671 1360 2713 calido.
1490 2675 1515 2712 9
1546 2671 1765 2724 porcacla.

172 2732 224 2769 14
256 2728 465 2769 dolorem.
581 2729 762 2770 mastex.
882 2732 931 2769 17
964 2726 1249 2780 manipolum.
1367 2729 1418 2768 18
1450 2727 1669 2769 haemina.
