<?xml version="1.0" encoding="UTF-8"?>
<!DOCTYPE html PUBLIC "-//W3C//DTD XHTML 1.0 Transitional//EN"
    "http://www.w3.org/TR/xhtml1/DTD/xhtml1-transitional.dtd">
<html xmlns="http://www.w3.org/1999/xhtml" xml:lang="en" lang="en">
 <head>
  <title>
</title>
<meta http-equiv="Content-Type" content="text/html;charset=utf-8" />
  <meta name='ocr-system' content='tesseract 3.04.00' />
  <meta name='ocr-capabilities' content='ocr_page ocr_carea ocr_par ocr_line ocrx_word'/>
</head>
<body>
  <div class='ocr_page' id='page_1' title='image "./demedicamentisli00marcuoft_0084.png"; bbox 0 0 1898 3016; ppageno 0'>
   <div class='ocr_carea' id='block_1_1' title="bbox 78 718 131 755">
    <p class='ocr_par' dir='ltr' id='par_1_1' title="bbox 78 718 131 755">
     <span class='ocr_line' id='line_1_1' title="bbox 78 718 131 755; baseline 0 0"><span class='ocrx_word' id='word_1_1' title='bbox 78 718 131 755; x_wconf 79' lang='lat'>75</span> 
     </span>
    </p>
   </div>
   <div class='ocr_carea' id='block_1_2' title="bbox 78 1135 129 1174">
    <p class='ocr_par' dir='ltr' id='par_1_2' title="bbox 78 1135 129 1174">
     <span class='ocr_line' id='line_1_2' title="bbox 78 1135 129 1174; baseline -0.02 0"><span class='ocrx_word' id='word_1_2' title='bbox 78 1135 129 1174; x_wconf 78' lang='lat'>76</span> 
     </span>
    </p>
   </div>
   <div class='ocr_carea' id='block_1_3' title="bbox 79 1484 130 1522">
    <p class='ocr_par' dir='ltr' id='par_1_3' title="bbox 79 1484 130 1522">
     <span class='ocr_line' id='line_1_3' title="bbox 79 1484 130 1522; baseline -0.02 0"><span class='ocrx_word' id='word_1_3' title='bbox 79 1484 130 1522; x_wconf 80' lang='lat'>77</span> 
     </span>
    </p>
   </div>
   <div class='ocr_carea' id='block_1_4' title="bbox 78 1693 129 1731">
    <p class='ocr_par' dir='ltr' id='par_1_4' title="bbox 78 1693 129 1731">
     <span class='ocr_line' id='line_1_4' title="bbox 78 1693 129 1731; baseline 0.02 -1"><span class='ocrx_word' id='word_1_4' title='bbox 78 1693 129 1731; x_wconf 77' lang='lat'>78</span> 
     </span>
    </p>
   </div>
   <div class='ocr_carea' id='block_1_5' title="bbox 79 1902 130 1940">
    <p class='ocr_par' dir='ltr' id='par_1_5' title="bbox 79 1902 130 1940">
     <span class='ocr_line' id='line_1_5' title="bbox 79 1902 130 1940; baseline 0 0"><span class='ocrx_word' id='word_1_5' title='bbox 79 1902 130 1940; x_wconf 82' lang='lat'>79</span> 
     </span>
    </p>
   </div>
   <div class='ocr_carea' id='block_1_6' title="bbox 74 2528 128 2566">
    <p class='ocr_par' dir='ltr' id='par_1_6' title="bbox 74 2528 128 2566">
     <span class='ocr_line' id='line_1_6' title="bbox 74 2528 128 2566; baseline 0 0"><span class='ocrx_word' id='word_1_6' title='bbox 74 2528 128 2566; x_wconf 89' lang='lat'>80</span> 
     </span>
    </p>
   </div>
   <div class='ocr_carea' id='block_1_7' title="bbox 784 94 1131 144">
    <p class='ocr_par' dir='ltr' id='par_1_7' title="bbox 784 94 1131 144">
     <span class='ocr_line' id='line_1_7' title="bbox 784 94 1131 144; baseline 0 -14"><span class='ocrx_word' id='word_1_7' title='bbox 784 94 1131 144; x_wconf 55' lang='lat'>„72-</span> 
     </span>
    </p>
   </div>
   <div class='ocr_carea' id='block_1_8' title="bbox 159 220 1828 2583">
    <p class='ocr_par' dir='ltr' id='par_1_8' title="bbox 159 220 1828 2583">
     <span class='ocr_line' id='line_1_8' title="bbox 162 220 1763 285; baseline 0.003 -18"><span class='ocrx_word' id='word_1_8' title='bbox 162 220 451 282; x_wconf 86' lang='lat' dir='ltr'>ponderibus</span> <span class='ocrx_word' id='word_1_9' title='bbox 490 221 708 269; x_wconf 83' lang='lat' dir='ltr'>miscebis</span> <span class='ocrx_word' id='word_1_10' title='bbox 747 228 967 283; x_wconf 88' lang='lat' dir='ltr'>teresque</span> <span class='ocrx_word' id='word_1_11' title='bbox 998 222 1244 283; x_wconf 83' lang='lat' dir='ltr'>diligenter</span> <span class='ocrx_word' id='word_1_12' title='bbox 1282 229 1328 270; x_wconf 87' lang='lat' dir='ltr'>et</span> <span class='ocrx_word' id='word_1_13' title='bbox 1366 224 1513 271; x_wconf 91' lang='lat' dir='ltr'>donec</span> <span class='ocrx_word' id='word_1_14' title='bbox 1552 239 1763 285; x_wconf 90' lang='lat' dir='ltr'>spumam</span> 
     </span>
     <span class='ocr_line' id='line_1_9' title="bbox 164 291 1761 355; baseline 0.003 -19"><span class='ocrx_word' id='word_1_15' title='bbox 164 305 255 336; x_wconf 89' lang='lat' dir='ltr'>non</span> <span class='ocrx_word' id='word_1_16' title='bbox 302 291 472 337; x_wconf 85' lang='lat' dir='ltr'>faciant</span> <span class='ocrx_word' id='word_1_17' title='bbox 511 306 662 353; x_wconf 90' lang='lat' dir='ltr'>neque</span> <span class='ocrx_word' id='word_1_18' title='bbox 701 299 936 354; x_wconf 80' lang='lat' dir='ltr'>crescant,</span> <span class='ocrx_word' id='word_1_19' title='bbox 983 292 1036 338; x_wconf 92' lang='lat' dir='ltr'>ad</span> <span class='ocrx_word' id='word_1_20' title='bbox 1077 294 1230 353; x_wconf 85' lang='lat' dir='ltr'>ignem</span> <span class='ocrx_word' id='word_1_21' title='bbox 1268 292 1444 340; x_wconf 86' lang='lat' dir='ltr'>lentum</span> <span class='ocrx_word' id='word_1_22' title='bbox 1483 294 1676 355; x_wconf 84' lang='lat' dir='ltr'>agitabis</span> <span class='ocrx_word' id='word_1_23' title='bbox 1715 297 1761 341; x_wconf 93' lang='lat' dir='ltr'>in</span> 
     </span>
     <span class='ocr_line' id='line_1_10' title="bbox 165 360 1763 425; baseline 0.003 -20"><span class='ocrx_word' id='word_1_24' title='bbox 165 374 271 406; x_wconf 91' lang='lat' dir='ltr'>vaso</span> <span class='ocrx_word' id='word_1_25' title='bbox 304 375 440 406; x_wconf 91' lang='lat' dir='ltr'>aereo</span> <span class='ocrx_word' id='word_1_26' title='bbox 471 360 629 423; x_wconf 87' lang='lat' dir='ltr'>ibique</span> <span class='ocrx_word' id='word_1_27' title='bbox 661 367 753 408; x_wconf 89' lang='lat' dir='ltr'>tam</span> <span class='ocrx_word' id='word_1_28' title='bbox 779 362 857 408; x_wconf 85' lang='lat' dir='ltr'>diu</span> <span class='ocrx_word' id='word_1_29' title='bbox 892 375 993 407; x_wconf 87' lang='lat' dir='ltr'>esse</span> <span class='ocrx_word' id='word_1_30' title='bbox 1022 363 1226 424; x_wconf 81' lang='lat' dir='ltr'>patieris,</span> <span class='ocrx_word' id='word_1_31' title='bbox 1251 362 1398 410; x_wconf 91' lang='lat' dir='ltr'>donec</span> <span class='ocrx_word' id='word_1_32' title='bbox 1424 364 1763 425; x_wconf 82' lang='lat' dir='ltr'>refrigerentur</span> 
     </span>
     <span class='ocr_line' id='line_1_11' title="bbox 164 431 1761 494; baseline 0.003 -18"><span class='ocrx_word' id='word_1_33' title='bbox 164 435 301 490; x_wconf 89' lang='lat' dir='ltr'>atque</span> <span class='ocrx_word' id='word_1_34' title='bbox 348 431 606 494; x_wconf 78' lang='lat' dir='ltr'>siccentur3</span> <span class='ocrx_word' id='word_1_35' title='bbox 653 446 768 492; x_wconf 87' lang='lat' dir='ltr'>quae</span> <span class='ocrx_word' id='word_1_36' title='bbox 816 437 976 492; x_wconf 88' lang='lat' dir='ltr'>postea</span> <span class='ocrx_word' id='word_1_37' title='bbox 1023 431 1078 477; x_wconf 90' lang='lat' dir='ltr'>ad</span> <span class='ocrx_word' id='word_1_38' title='bbox 1116 434 1390 479; x_wconf 87' lang='lat' dir='ltr'>mortarium</span> <span class='ocrx_word' id='word_1_39' title='bbox 1429 434 1761 480; x_wconf 89' lang='lat' dir='ltr'>nitidissimum</span> 
     </span>
     <span class='ocr_line' id='line_1_12' title="bbox 163 499 1803 563; baseline 0.001 -17"><span class='ocrx_word' id='word_1_40' title='bbox 163 499 419 546; x_wconf 82' lang='lat' dir='ltr'>transferes</span> <span class='ocrx_word' id='word_1_41' title='bbox 466 507 605 562; x_wconf 88' lang='lat' dir='ltr'>atque</span> <span class='ocrx_word' id='word_1_42' title='bbox 650 500 744 547; x_wconf 93' lang='lat' dir='ltr'>illic</span> <span class='ocrx_word' id='word_1_43' title='bbox 781 502 954 547; x_wconf 91' lang='lat' dir='ltr'>iterum</span> <span class='ocrx_word' id='word_1_44' title='bbox 992 515 1047 546; x_wconf 87' lang='lat' dir='ltr'>ex</span> <span class='ocrx_word' id='word_1_45' title='bbox 1086 502 1190 547; x_wconf 92' lang='lat' dir='ltr'>vino</span> <span class='ocrx_word' id='word_1_46' title='bbox 1227 508 1384 548; x_wconf 87' lang='lat' dir='ltr'>vetere</span> <span class='ocrx_word' id='word_1_47' title='bbox 1422 504 1595 563; x_wconf 91' lang='lat' dir='ltr'>optimo</span> <span class='ocrx_word' id='word_1_48' title='bbox 1635 509 1760 549; x_wconf 87' lang='lat' dir='ltr'>teres</span> <span class='ocrx_word' id='word_1_49' title='bbox 1783 515 1803 547; x_wconf 87' lang='lat'><strong>5</strong></span> 
     </span>
     <span class='ocr_line' id='line_1_13' title="bbox 163 569 1762 632; baseline 0.003 -17"><span class='ocrx_word' id='word_1_50' title='bbox 163 574 254 615; x_wconf 86' lang='lat' dir='ltr'>tam</span> <span class='ocrx_word' id='word_1_51' title='bbox 288 569 381 632; x_wconf 71' lang='lat' dir='ltr'>diu,</span> <span class='ocrx_word' id='word_1_52' title='bbox 413 585 658 631; x_wconf 88' lang='lat' dir='ltr'>quousque</span> <span class='ocrx_word' id='word_1_53' title='bbox 691 571 948 632; x_wconf 84' lang='lat' dir='ltr'>siccentur3</span> <span class='ocrx_word' id='word_1_54' title='bbox 987 570 1042 616; x_wconf 91' lang='lat' dir='ltr'>de</span> <span class='ocrx_word' id='word_1_55' title='bbox 1075 570 1244 631; x_wconf 89' lang='lat' dir='ltr'>quibus</span> <span class='ocrx_word' id='word_1_56' title='bbox 1275 572 1512 632; x_wconf 88' lang='lat' dir='ltr'>pulverem</span> <span class='ocrx_word' id='word_1_57' title='bbox 1544 574 1762 619; x_wconf 89' lang='lat' dir='ltr'>tenuissi-</span> 
     </span>
     <span class='ocr_line' id='line_1_14' title="bbox 162 639 1764 703; baseline 0.002 -19"><span class='ocrx_word' id='word_1_58' title='bbox 162 653 290 684; x_wconf 88' lang='lat' dir='ltr'>mum</span> <span class='ocrx_word' id='word_1_59' title='bbox 348 639 521 686; x_wconf 89' lang='lat' dir='ltr'>factum</span> <span class='ocrx_word' id='word_1_60' title='bbox 570 641 691 686; x_wconf 90' lang='lat' dir='ltr'>intra</span> <span class='ocrx_word' id='word_1_61' title='bbox 738 640 951 701; x_wconf 83' lang='lat' dir='ltr'>pyxidem</span> <span class='ocrx_word' id='word_1_62' title='bbox 999 654 1180 687; x_wconf 90' lang='lat' dir='ltr'>aeream</span> <span class='ocrx_word' id='word_1_63' title='bbox 1228 641 1399 688; x_wconf 90' lang='lat' dir='ltr'>condes</span> <span class='ocrx_word' id='word_1_64' title='bbox 1444 657 1592 703; x_wconf 87' lang='lat' dir='ltr'>eoque</span> <span class='ocrx_word' id='word_1_65' title='bbox 1637 641 1764 689; x_wconf 84' lang='lat' dir='ltr'>velut</span> 
     </span>
     <span class='ocr_line' id='line_1_15' title="bbox 164 707 1762 772; baseline 0.003 -18"><span class='ocrx_word' id='word_1_66' title='bbox 164 707 318 770; x_wconf 82' lang='lat' dir='ltr'>stibio,</span> <span class='ocrx_word' id='word_1_67' title='bbox 357 723 463 755; x_wconf 87' lang='lat' dir='ltr'>cum</span> <span class='ocrx_word' id='word_1_68' title='bbox 502 708 720 772; x_wconf 77' lang='lat' dir='ltr'>volueris,</span> <span class='ocrx_word' id='word_1_69' title='bbox 757 711 920 756; x_wconf 89' lang='lat' dir='ltr'>uteris.</span> <span class='ocrx_word' id='word_1_70' title='bbox 980 708 1350 772; x_wconf 81' lang='lat' dir='ltr'>Xerocollyrium</span> <span class='ocrx_word' id='word_1_71' title='bbox 1388 713 1615 772; x_wconf 88' lang='lat' dir='ltr'>optimum</span> <span class='ocrx_word' id='word_1_72' title='bbox 1655 726 1762 758; x_wconf 91' lang='lat' dir='ltr'>con-</span> 
     </span>
     <span class='ocr_line' id='line_1_16' title="bbox 162 778 1760 842; baseline 0.003 -19"><span class='ocrx_word' id='word_1_73' title='bbox 162 778 320 824; x_wconf 87' lang='lat' dir='ltr'>ficitur</span> <span class='ocrx_word' id='word_1_74' title='bbox 358 779 446 825; x_wconf 86' lang='lat' dir='ltr'>sic:</span> <span class='ocrx_word' id='word_1_75' title='bbox 483 778 672 839; x_wconf 83' lang='lat' dir='ltr'>Lapidis</span> <span class='ocrx_word' id='word_1_76' title='bbox 710 778 898 840; x_wconf 82' lang='lat' dir='ltr'>Phrygii</span> <span class='ocrx_word' id='word_1_77' title='bbox 932 804 991 812; x_wconf 93' lang='grc'><strong>-</strong></span> <span class='ocrx_word' id='word_1_78' title='bbox 1025 778 1079 842; x_wconf 88' lang='lat'>11,</span> <span class='ocrx_word' id='word_1_79' title='bbox 1117 782 1245 827; x_wconf 89' lang='lat' dir='ltr'>croci</span> <span class='ocrx_word' id='word_1_80' title='bbox 1276 807 1340 813; x_wconf 97' lang='lat'>—</span> <span class='ocrx_word' id='word_1_81' title='bbox 1372 780 1405 842; x_wconf 89' lang='lat'>1,</span> <span class='ocrx_word' id='word_1_82' title='bbox 1444 781 1552 827; x_wconf 87' lang='lat' dir='ltr'>salis</span> <span class='ocrx_word' id='word_1_83' title='bbox 1590 795 1760 827; x_wconf 85' lang='lat' dir='ltr'>ammo-</span> 
     </span>
     <span class='ocr_line' id='line_1_17' title="bbox 162 842 1826 918; baseline 0.001 -25"><span class='ocrx_word' id='word_1_84' title='bbox 162 849 284 894; x_wconf 89' lang='lat' dir='ltr'>niaci</span> <span class='ocrx_word' id='word_1_85' title='bbox 315 842 377 914; x_wconf 52' lang='lat'>‘9‘</span> <span class='ocrx_word' id='word_1_86' title='bbox 409 847 462 909; x_wconf 84' lang='grc' dir='ltr'>ΙΙ,</span> <span class='ocrx_word' id='word_1_87' title='bbox 501 848 599 894; x_wconf 88' lang='lat' dir='ltr'>folii</span> <span class='ocrx_word' id='word_1_88' title='bbox 629 842 690 915; x_wconf 55' lang='grc' dir='ltr'>ῼα</span> <span class='ocrx_word' id='word_1_89' title='bbox 723 848 777 910; x_wconf 87' lang='lat'>11,</span> <span class='ocrx_word' id='word_1_90' title='bbox 809 850 929 895; x_wconf 88' lang='lat' dir='ltr'>aeris</span> <span class='ocrx_word' id='word_1_91' title='bbox 963 851 1056 895; x_wconf 88' lang='lat' dir='ltr'>usti</span> <span class='ocrx_word' id='word_1_92' title='bbox 1087 843 1148 916; x_wconf 48' lang='lat'>9³</span> <span class='ocrx_word' id='word_1_93' title='bbox 1180 849 1277 912; x_wconf 88' lang='lat'>1111,</span> <span class='ocrx_word' id='word_1_94' title='bbox 1307 852 1483 911; x_wconf 85' lang='lat' dir='ltr'>piperis</span> <span class='ocrx_word' id='word_1_95' title='bbox 1514 850 1606 897; x_wconf 90' lang='lat' dir='ltr'>albi</span> <span class='ocrx_word' id='word_1_96' title='bbox 1628 842 1698 918; x_wconf 46' lang='grc' dir='ltr'>ἓν</span> <span class='ocrx_word' id='word_1_97' title='bbox 1727 850 1762 914; x_wconf 86' lang='lat'>1,</span> <span class='ocrx_word' id='word_1_98' title='bbox 1787 864 1826 895; x_wconf 76' lang='grc' dir='ltr'>ιο</span> 
     </span>
     <span class='ocr_line' id='line_1_18' title="bbox 163 918 1760 983; baseline 0.003 -20"><span class='ocrx_word' id='word_1_99' title='bbox 163 919 315 963; x_wconf 92' lang='lat' dir='ltr'>omnia</span> <span class='ocrx_word' id='word_1_100' title='bbox 355 932 566 964; x_wconf 88' lang='lat' dir='ltr'>seorsum</span> <span class='ocrx_word' id='word_1_101' title='bbox 605 919 865 964; x_wconf 80' lang='lat' dir='ltr'>diutissime</span> <span class='ocrx_word' id='word_1_102' title='bbox 905 925 950 965; x_wconf 90' lang='lat' dir='ltr'>et</span> <span class='ocrx_word' id='word_1_103' title='bbox 988 918 1343 980; x_wconf 87' lang='lat' dir='ltr'>diligentissime</span> <span class='ocrx_word' id='word_1_104' title='bbox 1380 926 1526 983; x_wconf 79' lang='lat' dir='ltr'>teres,</span> <span class='ocrx_word' id='word_1_105' title='bbox 1571 926 1624 967; x_wconf 90' lang='lat' dir='ltr'>ut</span> <span class='ocrx_word' id='word_1_106' title='bbox 1659 920 1760 981; x_wconf 91' lang='lat' dir='ltr'>pul-</span> 
     </span>
     <span class='ocr_line' id='line_1_19' title="bbox 162 988 1763 1050; baseline 0.002 -17"><span class='ocrx_word' id='word_1_107' title='bbox 162 1001 319 1033; x_wconf 87' lang='lat' dir='ltr'>verem</span> <span class='ocrx_word' id='word_1_108' title='bbox 367 988 694 1034; x_wconf 86' lang='lat' dir='ltr'>tenuissimum</span> <span class='ocrx_word' id='word_1_109' title='bbox 739 988 901 1050; x_wconf 86' lang='lat' dir='ltr'>facias,</span> <span class='ocrx_word' id='word_1_110' title='bbox 948 1003 1086 1049; x_wconf 91' lang='lat' dir='ltr'>quem</span> <span class='ocrx_word' id='word_1_111' title='bbox 1128 991 1411 1050; x_wconf 84' lang='lat' dir='ltr'>permixtum</span> <span class='ocrx_word' id='word_1_112' title='bbox 1449 990 1675 1037; x_wconf 88' lang='lat' dir='ltr'>recondes</span> <span class='ocrx_word' id='word_1_113' title='bbox 1714 992 1763 1036; x_wconf 92' lang='lat' dir='ltr'>in</span> 
     </span>
     <span class='ocr_line' id='line_1_20' title="bbox 163 1056 1762 1120; baseline 0.003 -18"><span class='ocrx_word' id='word_1_114' title='bbox 163 1056 332 1103; x_wconf 89' lang='lat' dir='ltr'>doliolo</span> <span class='ocrx_word' id='word_1_115' title='bbox 370 1058 532 1120; x_wconf 80' lang='lat' dir='ltr'>vitreo,</span> <span class='ocrx_word' id='word_1_116' title='bbox 571 1064 618 1104; x_wconf 89' lang='lat' dir='ltr'>et</span> <span class='ocrx_word' id='word_1_117' title='bbox 655 1072 760 1104; x_wconf 91' lang='lat' dir='ltr'>cum</span> <span class='ocrx_word' id='word_1_118' title='bbox 792 1057 994 1104; x_wconf 90' lang='lat' dir='ltr'>volueris</span> <span class='ocrx_word' id='word_1_119' title='bbox 1025 1057 1217 1119; x_wconf 90' lang='lat' dir='ltr'>pulvere</span> <span class='ocrx_word' id='word_1_120' title='bbox 1254 1060 1356 1120; x_wconf 90' lang='lat' dir='ltr'>ipso</span> <span class='ocrx_word' id='word_1_121' title='bbox 1388 1066 1528 1120; x_wconf 88' lang='lat' dir='ltr'>prout</span> <span class='ocrx_word' id='word_1_122' title='bbox 1561 1059 1762 1106; x_wconf 89' lang='lat' dir='ltr'>volueris</span> 
     </span>
     <span class='ocr_line' id='line_1_21' title="bbox 161 1125 1761 1190; baseline 0.002 -18"><span class='ocrx_word' id='word_1_123' title='bbox 161 1128 324 1172; x_wconf 84' lang='lat' dir='ltr'>uteris.</span> <span class='ocrx_word' id='word_1_124' title='bbox 398 1125 768 1188; x_wconf 87' lang='lat' dir='ltr'>Xerocollyrium</span> <span class='ocrx_word' id='word_1_125' title='bbox 822 1129 1048 1188; x_wconf 92' lang='lat' dir='ltr'>optimum</span> <span class='ocrx_word' id='word_1_126' title='bbox 1102 1134 1148 1174; x_wconf 92' lang='lat' dir='ltr'>et</span> <span class='ocrx_word' id='word_1_127' title='bbox 1193 1127 1248 1174; x_wconf 89' lang='lat' dir='ltr'>ad</span> <span class='ocrx_word' id='word_1_128' title='bbox 1292 1130 1424 1175; x_wconf 90' lang='lat' dir='ltr'>initia</span> <span class='ocrx_word' id='word_1_129' title='bbox 1468 1129 1761 1190; x_wconf 89' lang='lat' dir='ltr'>lippitudinis</span> 
     </span>
     <span class='ocr_line' id='line_1_22' title="bbox 160 1191 1828 1265; baseline 0.001 -23"><span class='ocrx_word' id='word_1_130' title='bbox 160 1195 410 1257; x_wconf 88' lang='lat' dir='ltr'>probatum</span> <span class='ocrx_word' id='word_1_131' title='bbox 447 1202 632 1243; x_wconf 86' lang='lat' dir='ltr'>constat</span> <span class='ocrx_word' id='word_1_132' title='bbox 670 1211 724 1242; x_wconf 88' lang='lat' dir='ltr'>ex</span> <span class='ocrx_word' id='word_1_133' title='bbox 763 1197 856 1243; x_wconf 91' lang='lat' dir='ltr'>his:</span> <span class='ocrx_word' id='word_1_134' title='bbox 903 1196 1040 1243; x_wconf 82' lang='lat' dir='ltr'>Croci</span> <span class='ocrx_word' id='word_1_135' title='bbox 1079 1191 1140 1264; x_wconf 47' lang='grc' dir='ltr'>θα</span> <span class='ocrx_word' id='word_1_136' title='bbox 1178 1197 1240 1260; x_wconf 84' lang='lat'>11,</span> <span class='ocrx_word' id='word_1_137' title='bbox 1286 1198 1566 1245; x_wconf 89' lang='lat' dir='ltr'>sarcocollae</span> <span class='ocrx_word' id='word_1_138' title='bbox 1607 1193 1668 1265; x_wconf 55' lang='lat'>‘9‘</span> <span class='ocrx_word' id='word_1_139' title='bbox 1708 1198 1763 1262; x_wconf 71' lang='grc' dir='ltr'>ΙΙ,</span> <span class='ocrx_word' id='word_1_140' title='bbox 1787 1212 1828 1243; x_wconf 85' lang='lat'>15</span> 
     </span>
     <span class='ocr_line' id='line_1_23' title="bbox 163 1259 1761 1333; baseline 0.003 -22"><span class='ocrx_word' id='word_1_141' title='bbox 163 1265 287 1311; x_wconf 88' lang='lat' dir='ltr'>aloes</span> <span class='ocrx_word' id='word_1_142' title='bbox 327 1266 575 1326; x_wconf 84' lang='lat' dir='ltr'>epatitidos</span> <span class='ocrx_word' id='word_1_143' title='bbox 609 1259 670 1332; x_wconf 58' lang='grc' dir='ltr'>ᾃ-</span> <span class='ocrx_word' id='word_1_144' title='bbox 701 1265 734 1327; x_wconf 82' lang='grc' dir='ltr'>Ι,</span> <span class='ocrx_word' id='word_1_145' title='bbox 773 1265 926 1326; x_wconf 88' lang='lat' dir='ltr'>glauci</span> <span class='ocrx_word' id='word_1_146' title='bbox 957 1260 1018 1333; x_wconf 52' lang='lat'>‘9‘</span> <span class='ocrx_word' id='word_1_147' title='bbox 1051 1265 1084 1313; x_wconf 93' lang='grc' dir='ltr'>Ι.</span> <span class='ocrx_word' id='word_1_148' title='bbox 1143 1266 1287 1314; x_wconf 90' lang='lat' dir='ltr'>Teres</span> <span class='ocrx_word' id='word_1_149' title='bbox 1324 1267 1439 1314; x_wconf 89' lang='lat' dir='ltr'>haec</span> <span class='ocrx_word' id='word_1_150' title='bbox 1478 1270 1630 1314; x_wconf 91' lang='lat' dir='ltr'>omnia</span> <span class='ocrx_word' id='word_1_151' title='bbox 1662 1268 1761 1315; x_wconf 91' lang='lat' dir='ltr'>dili-</span> 
     </span>
     <span class='ocr_line' id='line_1_24' title="bbox 162 1335 1763 1399; baseline 0.002 -18"><span class='ocrx_word' id='word_1_152' title='bbox 162 1342 327 1396; x_wconf 85' lang='lat' dir='ltr'>genter</span> <span class='ocrx_word' id='word_1_153' title='bbox 358 1342 404 1381; x_wconf 91' lang='lat' dir='ltr'>et</span> <span class='ocrx_word' id='word_1_154' title='bbox 434 1335 674 1396; x_wconf 88' lang='lat' dir='ltr'>pulverem</span> <span class='ocrx_word' id='word_1_155' title='bbox 705 1338 1033 1382; x_wconf 87' lang='lat' dir='ltr'>tenuissimum</span> <span class='ocrx_word' id='word_1_156' title='bbox 1065 1337 1113 1382; x_wconf 89' lang='lat' dir='ltr'>in</span> <span class='ocrx_word' id='word_1_157' title='bbox 1144 1336 1309 1398; x_wconf 83' lang='lat' dir='ltr'>pyxide</span> <span class='ocrx_word' id='word_1_158' title='bbox 1343 1352 1511 1399; x_wconf 83' lang='lat' dir='ltr'>cyprea</span> <span class='ocrx_word' id='word_1_159' title='bbox 1535 1338 1763 1385; x_wconf 90' lang='lat' dir='ltr'>recondes</span> 
     </span>
     <span class='ocr_line' id='line_1_25' title="bbox 162 1405 1762 1468; baseline 0.002 -17"><span class='ocrx_word' id='word_1_160' title='bbox 162 1412 207 1451; x_wconf 89' lang='lat' dir='ltr'>et</span> <span class='ocrx_word' id='word_1_161' title='bbox 239 1420 344 1451; x_wconf 90' lang='lat' dir='ltr'>cum</span> <span class='ocrx_word' id='word_1_162' title='bbox 377 1419 495 1465; x_wconf 90' lang='lat' dir='ltr'>opus</span> <span class='ocrx_word' id='word_1_163' title='bbox 527 1405 681 1467; x_wconf 86' lang='lat' dir='ltr'>fuerit,</span> <span class='ocrx_word' id='word_1_164' title='bbox 716 1412 761 1452; x_wconf 87' lang='lat' dir='ltr'>et</span> <span class='ocrx_word' id='word_1_165' title='bbox 792 1407 914 1452; x_wconf 87' lang='lat' dir='ltr'>intra</span> <span class='ocrx_word' id='word_1_166' title='bbox 943 1405 1103 1452; x_wconf 88' lang='lat' dir='ltr'>oculos</span> <span class='ocrx_word' id='word_1_167' title='bbox 1132 1412 1177 1452; x_wconf 91' lang='lat' dir='ltr'>et</span> <span class='ocrx_word' id='word_1_168' title='bbox 1201 1406 1256 1452; x_wconf 92' lang='lat' dir='ltr'>ad</span> <span class='ocrx_word' id='word_1_169' title='bbox 1283 1407 1639 1468; x_wconf 91' lang='lat' dir='ltr'>superlinendos</span> <span class='ocrx_word' id='word_1_170' title='bbox 1664 1413 1762 1455; x_wconf 88' lang='lat' dir='ltr'>ute-</span> 
     </span>
     <span class='ocr_line' id='line_1_26' title="bbox 163 1474 1762 1538; baseline 0.003 -18"><span class='ocrx_word' id='word_1_171' title='bbox 163 1476 242 1521; x_wconf 88' lang='lat' dir='ltr'>ris.</span> <span class='ocrx_word' id='word_1_172' title='bbox 282 1474 444 1535; x_wconf 90' lang='lat' dir='ltr'>Capilli</span> <span class='ocrx_word' id='word_1_173' title='bbox 476 1474 729 1521; x_wconf 88' lang='lat' dir='ltr'>muliebres</span> <span class='ocrx_word' id='word_1_174' title='bbox 762 1490 904 1536; x_wconf 88' lang='lat' dir='ltr'>super</span> <span class='ocrx_word' id='word_1_175' title='bbox 934 1482 1100 1522; x_wconf 87' lang='lat' dir='ltr'>testam</span> <span class='ocrx_word' id='word_1_176' title='bbox 1135 1476 1353 1523; x_wconf 86' lang='lat' dir='ltr'>conbusti</span> <span class='ocrx_word' id='word_1_177' title='bbox 1384 1483 1430 1523; x_wconf 85' lang='lat' dir='ltr'>et</span> <span class='ocrx_word' id='word_1_178' title='bbox 1462 1492 1567 1524; x_wconf 90' lang='lat' dir='ltr'>cum</span> <span class='ocrx_word' id='word_1_179' title='bbox 1600 1492 1762 1538; x_wconf 84' lang='lat' dir='ltr'>spuma</span> 
     </span>
     <span class='ocr_line' id='line_1_27' title="bbox 162 1545 1827 1605; baseline 0 -15"><span class='ocrx_word' id='word_1_180' title='bbox 162 1546 343 1605; x_wconf 89' lang='lat' dir='ltr'>argenti</span> <span class='ocrx_word' id='word_1_181' title='bbox 382 1546 573 1591; x_wconf 87' lang='lat' dir='ltr'>contriti</span> <span class='ocrx_word' id='word_1_182' title='bbox 611 1551 749 1605; x_wconf 86' lang='lat' dir='ltr'>atque</span> <span class='ocrx_word' id='word_1_183' title='bbox 790 1545 843 1590; x_wconf 87' lang='lat' dir='ltr'>ad</span> <span class='ocrx_word' id='word_1_184' title='bbox 884 1559 1111 1591; x_wconf 89' lang='lat' dir='ltr'>summam</span> <span class='ocrx_word' id='word_1_185' title='bbox 1150 1545 1382 1592; x_wconf 83' lang='lat' dir='ltr'>levitatem</span> <span class='ocrx_word' id='word_1_186' title='bbox 1424 1547 1599 1593; x_wconf 87' lang='lat' dir='ltr'>redacti</span> <span class='ocrx_word' id='word_1_187' title='bbox 1631 1562 1761 1594; x_wconf 89' lang='lat' dir='ltr'>xero-</span> <span class='ocrx_word' id='word_1_188' title='bbox 1786 1561 1827 1590; x_wconf 83' lang='lat'>20</span> 
     </span>
     <span class='ocr_line' id='line_1_28' title="bbox 160 1613 1763 1678; baseline 0.002 -19"><span class='ocrx_word' id='word_1_189' title='bbox 160 1613 440 1675; x_wconf 86' lang='lat' dir='ltr'>phthalmias</span> <span class='ocrx_word' id='word_1_190' title='bbox 476 1620 521 1661; x_wconf 87' lang='lat' dir='ltr'>et</span> <span class='ocrx_word' id='word_1_191' title='bbox 545 1616 810 1675; x_wconf 87' lang='lat' dir='ltr'>prurigines</span> <span class='ocrx_word' id='word_1_192' title='bbox 835 1615 1076 1661; x_wconf 88' lang='lat' dir='ltr'>oculorum</span> <span class='ocrx_word' id='word_1_193' title='bbox 1103 1615 1356 1662; x_wconf 85' lang='lat' dir='ltr'>efficaciter</span> <span class='ocrx_word' id='word_1_194' title='bbox 1381 1623 1560 1678; x_wconf 78' lang='lat' dir='ltr'>sanant,</span> <span class='ocrx_word' id='word_1_195' title='bbox 1592 1618 1631 1662; x_wconf 90' lang='lat' dir='ltr'>si</span> <span class='ocrx_word' id='word_1_196' title='bbox 1654 1618 1763 1664; x_wconf 89' lang='lat' dir='ltr'>inde</span> 
     </span>
     <span class='ocr_line' id='line_1_29' title="bbox 161 1683 1762 1747; baseline 0.002 -18"><span class='ocrx_word' id='word_1_197' title='bbox 161 1685 462 1744; x_wconf 87' lang='lat' dir='ltr'>inungantur.</span> <span class='ocrx_word' id='word_1_198' title='bbox 522 1684 588 1730; x_wconf 88' lang='lat' dir='ltr'>Ad</span> <span class='ocrx_word' id='word_1_199' title='bbox 621 1683 863 1745; x_wconf 89' lang='lat' dir='ltr'>caliginem</span> <span class='ocrx_word' id='word_1_200' title='bbox 893 1683 1166 1730; x_wconf 88' lang='lat' dir='ltr'>abolendam</span> <span class='ocrx_word' id='word_1_201' title='bbox 1189 1685 1245 1731; x_wconf 90' lang='lat' dir='ltr'>de</span> <span class='ocrx_word' id='word_1_202' title='bbox 1271 1687 1589 1747; x_wconf 87' lang='lat' dir='ltr'>experimento</span> <span class='ocrx_word' id='word_1_203' title='bbox 1614 1689 1762 1733; x_wconf 90' lang='lat' dir='ltr'>uteris</span> 
     </span>
     <span class='ocr_line' id='line_1_30' title="bbox 160 1753 1761 1816; baseline 0.002 -17"><span class='ocrx_word' id='word_1_204' title='bbox 160 1753 250 1799; x_wconf 87' lang='lat' dir='ltr'>hoc</span> <span class='ocrx_word' id='word_1_205' title='bbox 281 1753 510 1800; x_wconf 90' lang='lat' dir='ltr'>remedio:</span> <span class='ocrx_word' id='word_1_206' title='bbox 544 1753 696 1800; x_wconf 91' lang='lat' dir='ltr'>Salem</span> <span class='ocrx_word' id='word_1_207' title='bbox 728 1756 1067 1800; x_wconf 88' lang='lat' dir='ltr'>ammoniacum</span> <span class='ocrx_word' id='word_1_208' title='bbox 1096 1762 1312 1801; x_wconf 89' lang='lat' dir='ltr'>exustum</span> <span class='ocrx_word' id='word_1_209' title='bbox 1337 1762 1436 1801; x_wconf 89' lang='lat' dir='ltr'>tere</span> <span class='ocrx_word' id='word_1_210' title='bbox 1461 1762 1507 1802; x_wconf 90' lang='lat' dir='ltr'>et</span> <span class='ocrx_word' id='word_1_211' title='bbox 1530 1758 1761 1816; x_wconf 89' lang='lat' dir='ltr'>permisce</span> 
     </span>
     <span class='ocr_line' id='line_1_31' title="bbox 161 1822 1762 1887; baseline 0.001 -17"><span class='ocrx_word' id='word_1_212' title='bbox 161 1837 269 1870; x_wconf 89' lang='lat' dir='ltr'>cum</span> <span class='ocrx_word' id='word_1_213' title='bbox 307 1822 419 1869; x_wconf 91' lang='lat' dir='ltr'>lotio</span> <span class='ocrx_word' id='word_1_214' title='bbox 457 1825 592 1884; x_wconf 87' lang='lat' dir='ltr'>pueri</span> <span class='ocrx_word' id='word_1_215' title='bbox 629 1826 823 1870; x_wconf 90' lang='lat' dir='ltr'>investis</span> <span class='ocrx_word' id='word_1_216' title='bbox 861 1829 998 1884; x_wconf 90' lang='lat' dir='ltr'>atque</span> <span class='ocrx_word' id='word_1_217' title='bbox 1033 1824 1141 1870; x_wconf 90' lang='lat' dir='ltr'>inde</span> <span class='ocrx_word' id='word_1_218' title='bbox 1174 1824 1365 1871; x_wconf 89' lang='lat' dir='ltr'>adsidue</span> <span class='ocrx_word' id='word_1_219' title='bbox 1397 1825 1558 1872; x_wconf 90' lang='lat' dir='ltr'>oculos</span> <span class='ocrx_word' id='word_1_220' title='bbox 1589 1828 1762 1887; x_wconf 91' lang='lat' dir='ltr'>inunge</span> 
     </span>
     <span class='ocr_line' id='line_1_32' title="bbox 164 1892 1827 1955; baseline 0 -16"><span class='ocrx_word' id='word_1_221' title='bbox 164 1892 235 1939; x_wconf 89' lang='lat' dir='ltr'>vel</span> <span class='ocrx_word' id='word_1_222' title='bbox 266 1892 517 1954; x_wconf 90' lang='lat' dir='ltr'>superline.</span> <span class='ocrx_word' id='word_1_223' title='bbox 576 1892 842 1940; x_wconf 89' lang='lat' dir='ltr'>Naturalem</span> <span class='ocrx_word' id='word_1_224' title='bbox 876 1908 1041 1940; x_wconf 90' lang='lat' dir='ltr'>sucum</span> <span class='ocrx_word' id='word_1_225' title='bbox 1065 1896 1348 1955; x_wconf 90' lang='lat' dir='ltr'>argimoniae</span> <span class='ocrx_word' id='word_1_226' title='bbox 1373 1900 1419 1941; x_wconf 91' lang='lat' dir='ltr'>et</span> <span class='ocrx_word' id='word_1_227' title='bbox 1443 1910 1607 1942; x_wconf 89' lang='lat' dir='ltr'>sucum</span> <span class='ocrx_word' id='word_1_228' title='bbox 1634 1896 1760 1943; x_wconf 88' lang='lat' dir='ltr'>mile·</span> <span class='ocrx_word' id='word_1_229' title='bbox 1785 1909 1827 1940; x_wconf 83' lang='lat'>25</span> 
     </span>
     <span class='ocr_line' id='line_1_33' title="bbox 161 1962 1759 2026; baseline 0.002 -18"><span class='ocrx_word' id='word_1_230' title='bbox 161 1962 259 2008; x_wconf 84' lang='lat' dir='ltr'>folii</span> <span class='ocrx_word' id='word_1_231' title='bbox 298 1968 343 2008; x_wconf 90' lang='lat' dir='ltr'>et</span> <span class='ocrx_word' id='word_1_232' title='bbox 381 1977 548 2009; x_wconf 88' lang='lat' dir='ltr'>sucum</span> <span class='ocrx_word' id='word_1_233' title='bbox 579 1963 890 2026; x_wconf 69' lang='lat' dir='ltr'>arnoglossae7</span> <span class='ocrx_word' id='word_1_234' title='bbox 927 1963 973 2009; x_wconf 93' lang='lat' dir='ltr'>id</span> <span class='ocrx_word' id='word_1_235' title='bbox 1007 1970 1078 2010; x_wconf 87' lang='lat' dir='ltr'>est</span> <span class='ocrx_word' id='word_1_236' title='bbox 1107 1963 1400 2026; x_wconf 84' lang='lat' dir='ltr'>plantaginis,</span> <span class='ocrx_word' id='word_1_237' title='bbox 1439 1965 1628 2025; x_wconf 88' lang='lat' dir='ltr'>colliges</span> <span class='ocrx_word' id='word_1_238' title='bbox 1660 1966 1759 2012; x_wconf 92' lang='lat' dir='ltr'>dili-</span> 
     </span>
     <span class='ocr_line' id='line_1_34' title="bbox 161 2032 1760 2098; baseline 0.003 -21"><span class='ocrx_word' id='word_1_239' title='bbox 161 2038 324 2093; x_wconf 83' lang='lat' dir='ltr'>genter</span> <span class='ocrx_word' id='word_1_240' title='bbox 377 2046 428 2078; x_wconf 87' lang='lat' dir='ltr'>ac</span> <span class='ocrx_word' id='word_1_241' title='bbox 482 2032 627 2079; x_wconf 90' lang='lat' dir='ltr'>nitide</span> <span class='ocrx_word' id='word_1_242' title='bbox 674 2032 856 2094; x_wconf 87' lang='lat' dir='ltr'>aequali</span> <span class='ocrx_word' id='word_1_243' title='bbox 899 2047 1117 2079; x_wconf 91' lang='lat' dir='ltr'>mensura</span> <span class='ocrx_word' id='word_1_244' title='bbox 1165 2041 1209 2079; x_wconf 88' lang='lat' dir='ltr'>et</span> <span class='ocrx_word' id='word_1_245' title='bbox 1256 2034 1312 2080; x_wconf 94' lang='lat' dir='ltr'>de</span> <span class='ocrx_word' id='word_1_246' title='bbox 1363 2048 1474 2080; x_wconf 87' lang='lat' dir='ltr'>suco</span> <span class='ocrx_word' id='word_1_247' title='bbox 1522 2035 1760 2098; x_wconf 80' lang='lat' dir='ltr'>marrubii7</span> 
     </span>
     <span class='ocr_line' id='line_1_35' title="bbox 161 2101 1760 2164; baseline 0.002 -17"><span class='ocrx_word' id='word_1_248' title='bbox 161 2107 316 2163; x_wconf 81' lang='lat' dir='ltr'>rutae,</span> <span class='ocrx_word' id='word_1_249' title='bbox 365 2101 577 2164; x_wconf 84' lang='lat' dir='ltr'>serpulli,</span> <span class='ocrx_word' id='word_1_250' title='bbox 624 2102 824 2149; x_wconf 88' lang='lat' dir='ltr'>euforbii</span> <span class='ocrx_word' id='word_1_251' title='bbox 863 2105 1096 2164; x_wconf 87' lang='lat' dir='ltr'>exprimes</span> <span class='ocrx_word' id='word_1_252' title='bbox 1140 2117 1225 2164; x_wconf 90' lang='lat' dir='ltr'>per</span> <span class='ocrx_word' id='word_1_253' title='bbox 1268 2103 1462 2150; x_wconf 90' lang='lat' dir='ltr'>linteum</span> <span class='ocrx_word' id='word_1_254' title='bbox 1512 2103 1760 2151; x_wconf 90' lang='lat' dir='ltr'>delicatum</span> 
     </span>
     <span class='ocr_line' id='line_1_36' title="bbox 161 2165 1758 2237; baseline 0.002 -20"><span class='ocrx_word' id='word_1_255' title='bbox 161 2178 208 2218; x_wconf 92' lang='lat' dir='ltr'>et</span> <span class='ocrx_word' id='word_1_256' title='bbox 238 2170 516 2217; x_wconf 89' lang='lat' dir='ltr'>admiscebis</span> <span class='ocrx_word' id='word_1_257' title='bbox 549 2165 611 2237; x_wconf 57' lang='grc' dir='ltr'>ῼα</span> <span class='ocrx_word' id='word_1_258' title='bbox 643 2171 778 2218; x_wconf 89' lang='lat' dir='ltr'>binos</span> <span class='ocrx_word' id='word_1_259' title='bbox 809 2172 975 2233; x_wconf 89' lang='lat' dir='ltr'>hisque</span> <span class='ocrx_word' id='word_1_260' title='bbox 1007 2173 1180 2219; x_wconf 90' lang='lat' dir='ltr'>adicies</span> <span class='ocrx_word' id='word_1_261' title='bbox 1217 2172 1368 2219; x_wconf 89' lang='lat' dir='ltr'>mellis</span> <span class='ocrx_word' id='word_1_262' title='bbox 1399 2175 1560 2234; x_wconf 90' lang='lat' dir='ltr'>optimi</span> <span class='ocrx_word' id='word_1_263' title='bbox 1592 2174 1758 2235; x_wconf 91' lang='lat' dir='ltr'>despu-</span> 
     </span>
     <span class='ocr_line' id='line_1_37' title="bbox 159 2241 1825 2305; baseline 0 -18"><span class='ocrx_word' id='word_1_264' title='bbox 159 2242 273 2288; x_wconf 88' lang='lat' dir='ltr'>mati</span> <span class='ocrx_word' id='word_1_265' title='bbox 310 2241 476 2287; x_wconf 89' lang='lat' dir='ltr'>libram</span> <span class='ocrx_word' id='word_1_266' title='bbox 511 2256 650 2288; x_wconf 90' lang='lat' dir='ltr'>unam</span> <span class='ocrx_word' id='word_1_267' title='bbox 683 2249 820 2303; x_wconf 89' lang='lat' dir='ltr'>atque</span> <span class='ocrx_word' id='word_1_268' title='bbox 854 2244 1006 2288; x_wconf 91' lang='lat' dir='ltr'>omnia</span> <span class='ocrx_word' id='word_1_269' title='bbox 1037 2242 1174 2289; x_wconf 87' lang='lat' dir='ltr'>simul</span> <span class='ocrx_word' id='word_1_270' title='bbox 1205 2242 1285 2288; x_wconf 90' lang='lat' dir='ltr'>diu</span> <span class='ocrx_word' id='word_1_271' title='bbox 1316 2250 1552 2305; x_wconf 79' lang='lat' dir='ltr'>conteres3</span> <span class='ocrx_word' id='word_1_272' title='bbox 1591 2243 1758 2290; x_wconf 91' lang='lat' dir='ltr'>deinde</span> <span class='ocrx_word' id='word_1_273' title='bbox 1782 2257 1825 2288; x_wconf 78' lang='lat' dir='ltr'>so</span> 
     </span>
     <span class='ocr_line' id='line_1_38' title="bbox 159 2310 1758 2360; baseline 0.002 -4"><span class='ocrx_word' id='word_1_274' title='bbox 159 2313 330 2357; x_wconf 85' lang='lat' dir='ltr'>iterum</span> <span class='ocrx_word' id='word_1_275' title='bbox 377 2310 550 2357; x_wconf 89' lang='lat' dir='ltr'>colabis</span> <span class='ocrx_word' id='word_1_276' title='bbox 595 2314 726 2358; x_wconf 86' lang='lat' dir='ltr'>tenui</span> <span class='ocrx_word' id='word_1_277' title='bbox 771 2312 914 2358; x_wconf 90' lang='lat' dir='ltr'>linteo</span> <span class='ocrx_word' id='word_1_278' title='bbox 953 2318 998 2358; x_wconf 90' lang='lat' dir='ltr'>et</span> <span class='ocrx_word' id='word_1_279' title='bbox 1035 2312 1262 2358; x_wconf 85' lang='lat' dir='ltr'>recondes</span> <span class='ocrx_word' id='word_1_280' title='bbox 1300 2314 1348 2358; x_wconf 94' lang='lat' dir='ltr'>in</span> <span class='ocrx_word' id='word_1_281' title='bbox 1386 2312 1572 2359; x_wconf 90' lang='lat' dir='ltr'>vasculo</span> <span class='ocrx_word' id='word_1_282' title='bbox 1610 2315 1758 2360; x_wconf 88' lang='lat' dir='ltr'>vitreo</span> 
     </span>
     <span class='ocr_line' id='line_1_39' title="bbox 160 2381 1758 2443; baseline 0.001 -17"><span class='ocrx_word' id='word_1_283' title='bbox 160 2387 298 2441; x_wconf 86' lang='lat' dir='ltr'>atque</span> <span class='ocrx_word' id='word_1_284' title='bbox 339 2382 506 2443; x_wconf 78' lang='lat' dir='ltr'>uteris,</span> <span class='ocrx_word' id='word_1_285' title='bbox 545 2396 650 2427; x_wconf 91' lang='lat' dir='ltr'>cum</span> <span class='ocrx_word' id='word_1_286' title='bbox 690 2396 807 2442; x_wconf 89' lang='lat' dir='ltr'>opus</span> <span class='ocrx_word' id='word_1_287' title='bbox 846 2382 1007 2443; x_wconf 84' lang='lat' dir='ltr'>fuerit,</span> <span class='ocrx_word' id='word_1_288' title='bbox 1046 2381 1100 2427; x_wconf 90' lang='lat' dir='ltr'>ad</span> <span class='ocrx_word' id='word_1_289' title='bbox 1141 2382 1475 2427; x_wconf 83' lang='lat' dir='ltr'>suffundendos</span> <span class='ocrx_word' id='word_1_290' title='bbox 1514 2388 1559 2428; x_wconf 93' lang='lat' dir='ltr'>et</span> <span class='ocrx_word' id='word_1_291' title='bbox 1597 2397 1758 2443; x_wconf 91' lang='lat' dir='ltr'>super-</span> 
     </span>
     <span class='ocr_line' id='line_1_40' title="bbox 160 2449 1759 2512; baseline 0.002 -17"><span class='ocrx_word' id='word_1_292' title='bbox 160 2449 373 2496; x_wconf 90' lang='lat' dir='ltr'>linendos</span> <span class='ocrx_word' id='word_1_293' title='bbox 419 2449 578 2497; x_wconf 88' lang='lat' dir='ltr'>oculos</span> <span class='ocrx_word' id='word_1_294' title='bbox 625 2451 820 2512; x_wconf 90' lang='lat' dir='ltr'>caligine</span> <span class='ocrx_word' id='word_1_295' title='bbox 866 2450 1149 2512; x_wconf 83' lang='lat' dir='ltr'>labo-rantes,</span> <span class='ocrx_word' id='word_1_296' title='bbox 1203 2450 1373 2511; x_wconf 89' lang='lat' dir='ltr'>quibus</span> <span class='ocrx_word' id='word_1_297' title='bbox 1418 2451 1506 2497; x_wconf 91' lang='lat' dir='ltr'>hoc</span> <span class='ocrx_word' id='word_1_298' title='bbox 1551 2453 1759 2499; x_wconf 89' lang='lat' dir='ltr'>remedio</span> 
     </span>
     <span class='ocr_line' id='line_1_41' title="bbox 161 2519 1759 2583; baseline 0.003 -18"><span class='ocrx_word' id='word_1_299' title='bbox 161 2521 252 2565; x_wconf 90' lang='lat' dir='ltr'>cito</span> <span class='ocrx_word' id='word_1_300' title='bbox 300 2522 446 2565; x_wconf 89' lang='lat' dir='ltr'>aciem</span> <span class='ocrx_word' id='word_1_301' title='bbox 493 2522 808 2567; x_wconf 86' lang='lat' dir='ltr'>acutissimam</span> <span class='ocrx_word' id='word_1_302' title='bbox 856 2520 1036 2566; x_wconf 87' lang='lat' dir='ltr'>reddes.</span> <span class='ocrx_word' id='word_1_303' title='bbox 1110 2519 1282 2566; x_wconf 86' lang='lat' dir='ltr'>Malvae</span> <span class='ocrx_word' id='word_1_304' title='bbox 1328 2535 1469 2567; x_wconf 86' lang='lat' dir='ltr'>sucus</span> <span class='ocrx_word' id='word_1_305' title='bbox 1508 2536 1759 2583; x_wconf 86' lang='lat' dir='ltr'>expressus</span> 
     </span>
    </p>
   </div>
   <div class='ocr_carea' id='block_1_9' title="bbox 157 2625 1755 2792">
    <p class='ocr_par' dir='ltr' id='par_1_9' title="bbox 157 2625 1755 2792">
     <span class='ocr_line' id='line_1_42' title="bbox 272 2625 1755 2681; baseline 0.002 -15"><span class='ocrx_word' id='word_1_306' title='bbox 272 2629 295 2666; x_wconf 85' lang='lat'><strong>2</strong></span> <span class='ocrx_word' id='word_1_307' title='bbox 326 2625 461 2667; x_wconf 72' lang='lat' dir='ltr'>lento.</span> <span class='ocrx_word' id='word_1_308' title='bbox 571 2631 597 2667; x_wconf 87' lang='lat'>4</span> <span class='ocrx_word' id='word_1_309' title='bbox 627 2626 849 2668; x_wconf 80' lang='lat' dir='ltr'>mortario.</span> <span class='ocrx_word' id='word_1_310' title='bbox 955 2631 976 2668; x_wconf 82' lang='lat'>7</span> <span class='ocrx_word' id='word_1_311' title='bbox 1009 2626 1183 2679; x_wconf 84' lang='lat' dir='ltr'>pyxide.</span> <span class='ocrx_word' id='word_1_312' title='bbox 1288 2630 1311 2667; x_wconf 88' lang='grc'><strong>9</strong></span> <span class='ocrx_word' id='word_1_313' title='bbox 1342 2625 1476 2681; x_wconf 88' lang='lat' dir='ltr'>frigii.</span> <span class='ocrx_word' id='word_1_314' title='bbox 1580 2632 1631 2668; x_wconf 87' lang='grc'>14</span> <span class='ocrx_word' id='word_1_315' title='bbox 1662 2628 1755 2670; x_wconf 78' lang='lat' dir='ltr'>ute—</span> 
     </span>
     <span class='ocr_line' id='line_1_43' title="bbox 157 2681 1755 2736; baseline 0.002 -14"><span class='ocrx_word' id='word_1_316' title='bbox 157 2681 216 2723; x_wconf 85' lang='lat' dir='ltr'>ris</span> <span class='ocrx_word' id='word_1_317' title='bbox 247 2693 325 2723; x_wconf 88' lang='lat' dir='ltr'>om.</span> <span class='ocrx_word' id='word_1_318' title='bbox 473 2685 523 2723; x_wconf 88' lang='lat'>15</span> <span class='ocrx_word' id='word_1_319' title='bbox 555 2682 744 2736; x_wconf 75' lang='lat' dir='ltr'>constat]</span> <span class='ocrx_word' id='word_1_320' title='bbox 777 2683 940 2725; x_wconf 77' lang='lat' dir='ltr'>contra.</span> <span class='ocrx_word' id='word_1_321' title='bbox 1089 2686 1139 2724; x_wconf 86' lang='grc'>16</span> <span class='ocrx_word' id='word_1_322' title='bbox 1171 2682 1411 2736; x_wconf 80' lang='lat' dir='ltr'>epititidos.</span> <span class='ocrx_word' id='word_1_323' title='bbox 1548 2687 1601 2725; x_wconf 83' lang='lat'>20</span> <span class='ocrx_word' id='word_1_324' title='bbox 1631 2696 1755 2726; x_wconf 84' lang='lat' dir='ltr'>xero-</span> 
     </span>
     <span class='ocr_line' id='line_1_44' title="bbox 158 2735 873 2792; baseline 0.003 -14"><span class='ocrx_word' id='word_1_325' title='bbox 158 2735 412 2790; x_wconf 77' lang='lat' dir='ltr'>pthalmias.</span> <span class='ocrx_word' id='word_1_326' title='bbox 532 2743 581 2779; x_wconf 84' lang='lat'>21</span> <span class='ocrx_word' id='word_1_327' title='bbox 614 2738 873 2792; x_wconf 86' lang='lat' dir='ltr'>prorigines.</span> 
     </span>
    </p>
   </div>
  </div>
 </body>
</html>
