1898 3016
755 138 812 145 -
893 109 1130 160 143-

153 237 466 287 terebinthina
489 252 689 300 ceraque
707 238 897 284 decocta
921 237 1175 299 plurimum
1197 243 1334 298 atque
1351 237 1590 299 emplastri
1607 238 1744 285 modo

152 307 359 370 adposita
396 314 560 355 sanant
596 307 786 355 tosillas.
846 307 897 353 Si
933 307 1067 368 adipe
1105 306 1288 353 leonina
1326 307 1508 353 tosillae
1542 310 1742 355 interius
1777 319 1828 357 16

150 383 492 440 perungantur,
543 377 708 424 eodem
752 377 826 423 die
871 377 1173 423 sanabuntur.
1245 376 1338 423 Lac
1383 379 1625 438 caprinum
1673 378 1744 424 vel
1778 388 1827 426 17

152 446 379 494 bubulum
415 447 487 493 vel
525 446 713 493 ovillum
751 460 917 493 recens
953 446 1156 493 mulsum
1194 446 1305 493 dum
1343 446 1463 493 calet
1499 447 1571 493 vel
1605 450 1741 494 etiam

108 533 130 564 5
153 516 425 564 calefactum
455 518 793 576 gargarizatum
823 515 1083 563 tosillarum
1114 515 1299 562 dolores
1337 522 1383 563 et
1413 523 1622 564 tumores
1650 519 1742 563 cito

153 585 294 633 sedat.
351 584 571 646 Plantago
609 585 681 631 vel
719 587 820 632 eius
858 586 988 632 radix
1020 586 1373 646 diligentissime
1406 589 1606 633 contrita
1637 601 1743 633 cum
1778 595 1829 634 18

151 656 346 715 axungia
378 661 533 702 vetere
564 656 763 716 inposita
793 656 840 700 in
871 669 1024 715 panno
1056 655 1126 701 vel
1159 655 1301 702 linteo
1332 656 1525 717 prodest
1548 658 1743 717 anginae

150 724 222 771 vel
259 724 440 772 tosillis.
503 723 780 786 Cyclaminis
818 739 981 771 sucum
1021 731 1067 771 et
1103 725 1194 771 mel
1224 725 1418 786 Lycium
1447 727 1609 787 aequis
1638 741 1743 787 por·
1777 735 1828 773 19

150 793 356 840 tionibus
401 793 620 840 miscebis
666 800 712 840 et
757 808 811 839 eo
856 796 1205 854 gargarismatio
1251 795 1307 840 ad
1346 797 1499 841 omnia
1538 796 1743 842 faucium

87 879 128 910 10
149 864 260 910 vitia
302 869 519 925 potenter
563 865 725 910 uteris.
798 862 1075 911 Pulticulam
1114 879 1168 910 ex
1207 864 1322 910 alica
1361 865 1524 927 facies,
1566 867 1614 911 in
1653 880 1743 926 qua
1774 874 1829 912 20

149 935 299 994 capita
335 947 586 994 porrorum
623 942 817 979 contusa
856 935 1012 980 mittes
1051 940 1097 980 et
1135 933 1274 980 simul
1312 933 1546 995 decoques
1583 940 1630 980 et
1665 935 1742 980 de-

148 1002 256 1049 inde
288 1002 461 1049 celabis
492 1009 538 1049 et
569 1002 824 1049 sorbitione
856 1017 908 1048 ea
939 1010 1102 1050 contra
1126 1004 1328 1050 faucium
1354 1003 1604 1066 molestias,
1635 1019 1742 1051 cum

148 1071 365 1134 volueris,
410 1074 571 1119 uteris.
647 1072 697 1118 Si
741 1073 846 1133 quis
890 1072 1076 1133 grillum
1119 1087 1258 1119 manu
1297 1074 1571 1119 contriverit
1602 1080 1649 1120 et
1685 1074 1740 1120 ad
1773 1082 1825 1118 21

151 1141 349 1188 tossillas
386 1141 458 1188 vel
497 1156 603 1188 suas
640 1141 711 1187 vel
748 1141 940 1188 alterius
978 1148 1143 1189 tenens
1180 1149 1253 1188 ter
1287 1142 1577 1205 adplicuerit,
1615 1149 1743 1190 tactu

85 1226 126 1258 15
150 1210 227 1256 illo
273 1218 502 1257 tumorem
517 1211 740 1257 ”sanabit
814 1210 1024 1258 Tossillis
1071 1226 1209 1258 renes
1253 1212 1479 1259 vulturini
1524 1213 1642 1259 aridi
1694 1215 1742 1259 iu
1774 1222 1827 1258 22

147 1279 283 1326 melle
322 1282 423 1327 triti
460 1280 532 1327 vel
568 1281 749 1327 decocti
785 1282 957 1328 mirum
995 1282 1254 1328 remedium
1292 1289 1546 1344 praestant,
1585 1284 1624 1329 si
1654 1297 1740 1343 pro

148 1349 399 1410 emplastro
437 1350 741 1411 adponantur.

288 1419 436 1481 Cepae
467 1419 631 1480 longae
663 1420 948 1467 conditoriae
978 1435 1092 1467 suco
1122 1420 1303 1467 adiecto
1341 1420 1475 1467 melle
1507 1422 1739 1481 permixto
1771 1430 1826 1467 23

147 1490 370 1535 interiora
410 1489 610 1536 saucium
648 1495 1009 1553 pertractantur,
1048 1505 1139 1551 quo
1180 1490 1298 1537 facto
1334 1492 1500 1551 angina
1531 1490 1740 1537 laboran-

84 1573 125 1604 20
148 1565 241 1605 tem
280 1573 303 1604 a
341 1558 550 1619 periculo
588 1558 829 1621 liberabis,
867 1561 1020 1606 resina
1060 1574 1246 1621 quoque
1285 1559 1356 1606 vel
1392 1561 1573 1621 liquore
1612 1561 1742 1608 cedri

147 1627 327 1674 arboris
365 1630 531 1688 angina
569 1629 761 1675 adsidue
798 1636 1021 1690 peruncta
1054 1636 1257 1676 sanatur.
1316 1629 1491 1691 Myrtae
1523 1630 1740 1678 foliorum
1771 1638 1820 1675 24

146 1711 289 1744 sucus
312 1700 624 1759 gargarizatus
655 1698 727 1744 vel
758 1701 896 1745 etiam
927 1702 1230 1746 transmissus
1261 1701 1454 1760 anginae
1485 1699 1740 1760 plurimum

145 1767 352 1828 prodest.
410 1767 609 1828 Myrram
648 1770 894 1815 contritam
934 1784 990 1815 ex
1027 1784 1144 1830 aqua
1176 1769 1330 1829 tepida
1361 1775 1631 1816 constanter
1661 1770 1737 1816 ab-
1770 1777 1823 1815 25

147 1836 425 1882 sorbendam
463 1837 568 1883 dato
613 1839 676 1899 ei,
722 1840 803 1898 qui
841 1840 1033 1900 anginae
1072 1839 1280 1900 periculo
1330 1838 1528 1885 laborat:
1581 1842 1736 1886 statim

83 1920 124 1951 25
148 1920 254 1952 eum
291 1905 524 1952 liberabis.
582 1906 898 1954 Hirundinum
934 1908 1284 1955 combustarum
1315 1910 1433 1954 cinis
1464 1923 1570 1954 cum
1601 1909 1738 1956 melle
1769 1917 1822 1954 26

145 1975 297 2021 Attico
334 1978 506 2022 mixtus
544 1976 850 2038 faucibusque
889 1978 1066 2024 inditus
1105 1984 1151 2024 et
1187 1979 1402 2038 anginam
1437 1980 1662 2038 reprimet
1692 1986 1739 2026 et

145 2044 317 2107 ulcera,
348 2047 388 2091 si
419 2060 507 2106 qua
532 2048 716 2092 arteriis
740 2048 944 2109 inerunt,
970 2054 1182 2094 contacta
1207 2047 1424 2108 purgabit
1448 2047 1736 2110 sanabitque.

146 2114 400 2161 Taurinum
439 2114 500 2161 fel
537 2115 672 2161 melle
703 2118 985 2176 permixtum
1017 2124 1063 2163 et
1094 2119 1386 2164 extrinsecus
1418 2118 1630 2164 faucibus
1661 2119 1736 2165 ad·
1769 2126 1821 2163 27

145 2185 349 2244 positum
380 2184 450 2230 vel
481 2200 564 2246 pro
590 2187 795 2246 unguine
826 2186 1069 2233 inductum
1093 2190 1283 2248 anginas
1307 2187 1560 2234 efficaciter
1585 2197 1736 2250 sanat3

82 2268 124 2299 30
146 2253 268 2299 idem
315 2260 519 2314 praestat
566 2263 612 2301 et
660 2257 903 2316 caprinum
953 2256 1012 2302 fel
1064 2257 1277 2304 similiter
1328 2257 1606 2317 adpositum.
1689 2257 1738 2304 Si
1767 2265 1823 2302 28

147 2322 299 2369 subita
337 2325 503 2384 angina
540 2325 603 2370 ita
643 2324 800 2371 fauces
838 2326 1254 2387 praefocabuntur,
1299 2332 1351 2372 ut
1391 2326 1570 2372 nullum
1609 2329 1735 2374 auxi-

145 2391 257 2438 lium
295 2393 510 2439 celeriter
554 2395 753 2440 inveniri
798 2398 964 2457 possit,
1010 2396 1135 2442 ferro
1181 2410 1318 2457 quam
1363 2398 1633 2442 acutissimo
1680 2412 1736 2443 ex

146 2461 325 2524 venula,
364 2477 480 2523 quae
519 2463 606 2510 sub
637 2463 791 2524 lingua
823 2470 894 2510 est
931 2467 979 2510 in
1010 2472 1141 2526 parte
1182 2467 1384 2527 sinistra,
1423 2479 1540 2526 quae
1579 2469 1735 2512 statim

146 2530 202 2576 de
240 2531 328 2577 hoc
365 2532 526 2579 morbo
564 2533 796 2595 pallescit,
835 2537 1024 2595 sanguis
1062 2537 1321 2598 emittatur3
1367 2537 1589 2582 continuo
1628 2535 1735 2582 sub-

261 2698 279 2734 1
313 2693 597 2736 terebentina.
685 2701 708 2736 3
733 2709 973 2749 caprunum
1002 2700 1091 2739 2m.
1182 2702 1205 2738 9
1230 2697 1436 2741 omnium.
1527 2702 1578 2739 10
1603 2711 1735 2750 quam

147 2747 395 2791 Carnarius.
457 2754 507 2792 15
523 2763 647 2792 renes
664 2750 808 2804 vulpis
827 2752 947 2795 Ptin.
1011 2758 1060 2794 19
1078 2752 1298 2806 anginam.
1358 2758 1411 2796 25
1427 2754 1733 2796 harundinum.
