<?xml version="1.0" encoding="UTF-8"?>
<!DOCTYPE html PUBLIC "-//W3C//DTD XHTML 1.0 Transitional//EN"
    "http://www.w3.org/TR/xhtml1/DTD/xhtml1-transitional.dtd">
<html xmlns="http://www.w3.org/1999/xhtml" xml:lang="en" lang="en">
 <head>
  <title>
</title>
<meta http-equiv="Content-Type" content="text/html;charset=utf-8" />
  <meta name='ocr-system' content='tesseract 3.04.00' />
  <meta name='ocr-capabilities' content='ocr_page ocr_carea ocr_par ocr_line ocrx_word'/>
</head>
<body>
  <div class='ocr_page' id='page_1' title='image "./demedicamentisli00marcuoft_0015.png"; bbox 0 0 1898 3016; ppageno 0'>
   <div class='ocr_carea' id='block_1_1' title="bbox 0 2904 9 3016">
    <p class='ocr_par' dir='ltr' id='par_1_1' title="bbox 0 2904 9 3016">
     <span class='ocr_line' id='line_1_1' title="bbox 0 2904 9 3016; textangle 90"><span class='ocrx_word' id='word_1_1' title='bbox 0 3006 3 3016; x_wconf 79' lang='lat'>·-</span> <span class='ocrx_word' id='word_1_2' title='bbox 0 2904 9 2967; x_wconf 60' lang='lat' dir='ltr'>‹vv—</span> 
     </span>
    </p>
   </div>
   <div class='ocr_carea' id='block_1_2' title="bbox 280 419 1765 551">
    <p class='ocr_par' dir='ltr' id='par_1_2' title="bbox 280 419 1765 551">
     <span class='ocr_line' id='line_1_2' title="bbox 280 419 1765 482; baseline 0 -14"><span class='ocrx_word' id='word_1_3' title='bbox 280 421 350 468; x_wconf 95' lang='lat' dir='ltr'>De</span> <span class='ocrx_word' id='word_1_4' title='bbox 396 422 677 468; x_wconf 82' lang='lat' dir='ltr'><strong>mensuris</strong></span> <span class='ocrx_word' id='word_1_5' title='bbox 722 427 775 468; x_wconf 86' lang='lat' dir='ltr'>et</span> <span class='ocrx_word' id='word_1_6' title='bbox 820 420 1171 482; x_wconf 90' lang='lat' dir='ltr'>ponderibus</span> <span class='ocrx_word' id='word_1_7' title='bbox 1214 419 1656 467; x_wconf 84' lang='lat' dir='ltr'>medicinalibus</span> <span class='ocrx_word' id='word_1_8' title='bbox 1702 436 1765 468; x_wconf 87' lang='lat' dir='ltr'>ex</span> 
     </span>
     <span class='ocr_line' id='line_1_3' title="bbox 423 489 1617 551; baseline -0.002 -13"><span class='ocrx_word' id='word_1_9' title='bbox 423 491 633 538; x_wconf 88' lang='lat' dir='ltr'>Graeco</span> <span class='ocrx_word' id='word_1_10' title='bbox 671 490 969 538; x_wconf 82' lang='lat' dir='ltr'>translatis</span> <span class='ocrx_word' id='word_1_11' title='bbox 1008 492 1165 537; x_wconf 85' lang='lat' dir='ltr'>iuxta</span> <span class='ocrx_word' id='word_1_12' title='bbox 1202 489 1617 551; x_wconf 82' lang='lat' dir='ltr'>Hippocratem.</span> 
     </span>
    </p>
   </div>
   <div class='ocr_carea' id='block_1_3' title="bbox 164 586 1823 1554">
    <p class='ocr_par' dir='ltr' id='par_1_3' title="bbox 164 586 1823 1554">
     <span class='ocr_line' id='line_1_4' title="bbox 366 586 1820 650; baseline 0.001 -16"><span class='ocrx_word' id='word_1_13' title='bbox 366 587 509 634; x_wconf 92' lang='lat' dir='ltr'>Uncia</span> <span class='ocrx_word' id='word_1_14' title='bbox 546 587 686 634; x_wconf 87' lang='lat' dir='ltr'>habet</span> <span class='ocrx_word' id='word_1_15' title='bbox 724 588 968 634; x_wconf 85' lang='lat' dir='ltr'>drachmas</span> <span class='ocrx_word' id='word_1_16' title='bbox 1006 602 1200 635; x_wconf 91' lang='lat' dir='ltr'>numero</span> <span class='ocrx_word' id='word_1_17' title='bbox 1233 587 1353 650; x_wconf 85' lang='lat' dir='ltr'>VIII,</span> <span class='ocrx_word' id='word_1_18' title='bbox 1392 587 1594 650; x_wconf 91' lang='lat' dir='ltr'>scripula</span> <span class='ocrx_word' id='word_1_19' title='bbox 1635 586 1820 635; x_wconf 90' lang='lat' dir='ltr'><strong>XXIIII.</strong></span> 
     </span>
     <span class='ocr_line' id='line_1_5' title="bbox 227 657 1821 705; baseline 0.001 -2"><span class='ocrx_word' id='word_1_20' title='bbox 227 657 348 704; x_wconf 90' lang='lat' dir='ltr'>Mina</span> <span class='ocrx_word' id='word_1_21' title='bbox 379 657 516 704; x_wconf 83' lang='lat' dir='ltr'>habet</span> <span class='ocrx_word' id='word_1_22' title='bbox 548 657 755 704; x_wconf 91' lang='lat' dir='ltr'>libraml</span> <span class='ocrx_word' id='word_1_23' title='bbox 786 659 947 704; x_wconf 89' lang='lat' dir='ltr'>uncias</span> <span class='ocrx_word' id='word_1_24' title='bbox 970 657 1024 704; x_wconf 92' lang='lat' dir='ltr'>II.</span> <span class='ocrx_word' id='word_1_25' title='bbox 1074 657 1245 704; x_wconf 90' lang='lat' dir='ltr'>Cheme</span> <span class='ocrx_word' id='word_1_26' title='bbox 1276 657 1416 704; x_wconf 89' lang='lat' dir='ltr'>habet</span> <span class='ocrx_word' id='word_1_27' title='bbox 1447 659 1570 704; x_wconf 87' lang='lat' dir='ltr'>sicut</span> <span class='ocrx_word' id='word_1_28' title='bbox 1599 657 1821 705; x_wconf 89' lang='lat' dir='ltr'>drachma</span> 
     </span>
     <span class='ocr_line' id='line_1_6' title="bbox 229 722 1821 794; baseline 0.001 -21"><span class='ocrx_word' id='word_1_29' title='bbox 229 722 288 794; x_wconf 54' lang='grc' dir='ltr'>ᾁ-</span> <span class='ocrx_word' id='word_1_30' title='bbox 314 727 388 774; x_wconf 88' lang='lat' dir='ltr'>III.</span> <span class='ocrx_word' id='word_1_31' title='bbox 427 726 599 774; x_wconf 89' lang='lat' dir='ltr'>Obolos</span> <span class='ocrx_word' id='word_1_32' title='bbox 622 726 762 773; x_wconf 87' lang='lat' dir='ltr'>habet</span> <span class='ocrx_word' id='word_1_33' title='bbox 788 726 1007 774; x_wconf 87' lang='lat' dir='ltr'>denarius</span> <span class='ocrx_word' id='word_1_34' title='bbox 1031 726 1102 773; x_wconf 89' lang='lat' dir='ltr'>VI.</span> <span class='ocrx_word' id='word_1_35' title='bbox 1148 726 1307 789; x_wconf 86' lang='lat' dir='ltr'>Cotyla</span> <span class='ocrx_word' id='word_1_36' title='bbox 1333 726 1561 788; x_wconf 89' lang='lat' dir='ltr'>[hemina]</span> <span class='ocrx_word' id='word_1_37' title='bbox 1587 728 1697 774; x_wconf 82' lang='lat' dir='ltr'>facit</span> <span class='ocrx_word' id='word_1_38' title='bbox 1721 742 1821 775; x_wconf 88' lang='lat' dir='ltr'>ace-</span> 
     </span>
     <span class='ocr_line' id='line_1_7' title="bbox 227 795 1821 858; baseline 0.001 -16"><span class='ocrx_word' id='word_1_39' title='bbox 227 796 379 843; x_wconf 87' lang='lat' dir='ltr'>tabula</span> <span class='ocrx_word' id='word_1_40' title='bbox 419 798 515 843; x_wconf 89' lang='lat' dir='ltr'>sive</span> <span class='ocrx_word' id='word_1_41' title='bbox 554 796 794 858; x_wconf 82' lang='lat' dir='ltr'>oxybapha</span> <span class='ocrx_word' id='word_1_42' title='bbox 836 796 931 843; x_wconf 90' lang='lat'>1111.</span> <span class='ocrx_word' id='word_1_43' title='bbox 1000 795 1218 858; x_wconf 84' lang='lat' dir='ltr'>Olyscion</span> <span class='ocrx_word' id='word_1_44' title='bbox 1250 797 1359 844; x_wconf 85' lang='lat' dir='ltr'>facit</span> <span class='ocrx_word' id='word_1_45' title='bbox 1395 797 1608 844; x_wconf 89' lang='lat' dir='ltr'>heminae</span> <span class='ocrx_word' id='word_1_46' title='bbox 1639 804 1821 858; x_wconf 88' lang='lat' dir='ltr'>partem</span> 
     </span>
     <span class='ocr_line' id='line_1_8' title="bbox 184 865 1823 930; baseline 0.001 -18"><span class='ocrx_word' id='word_1_47' title='bbox 184 878 202 910; x_wconf 87' lang='lat'>⁵</span> <span class='ocrx_word' id='word_1_48' title='bbox 226 868 481 930; x_wconf 81' lang='lat' dir='ltr'>septimam,</span> <span class='ocrx_word' id='word_1_49' title='bbox 519 866 643 927; x_wconf 90' lang='lat' dir='ltr'>quod</span> <span class='ocrx_word' id='word_1_50' title='bbox 681 867 790 913; x_wconf 86' lang='lat' dir='ltr'>facit</span> <span class='ocrx_word' id='word_1_51' title='bbox 821 893 888 900; x_wconf 87' lang='lat'><em>-</em></span> <span class='ocrx_word' id='word_1_52' title='bbox 919 865 938 912; x_wconf 93' lang='lat'>1</span> <span class='ocrx_word' id='word_1_53' title='bbox 977 873 1024 912; x_wconf 86' lang='lat' dir='ltr'>et</span> <span class='ocrx_word' id='word_1_54' title='bbox 1055 866 1298 913; x_wconf 88' lang='lat' dir='ltr'>drachmas</span> <span class='ocrx_word' id='word_1_55' title='bbox 1330 866 1386 913; x_wconf 91' lang='lat' dir='ltr'>II.</span> <span class='ocrx_word' id='word_1_56' title='bbox 1453 866 1643 928; x_wconf 84' lang='lat' dir='ltr'>Cotylus</span> <span class='ocrx_word' id='word_1_57' title='bbox 1682 866 1823 914; x_wconf 88' lang='lat' dir='ltr'>habet</span> 
     </span>
     <span class='ocr_line' id='line_1_9' title="bbox 231 935 1821 999; baseline 0.001 -18"><span class='ocrx_word' id='word_1_58' title='bbox 231 962 288 969; x_wconf 90' lang='lat'><em>-</em></span> <span class='ocrx_word' id='word_1_59' title='bbox 316 935 412 999; x_wconf 91' lang='lat' dir='ltr'><strong>IIII,</strong></span> <span class='ocrx_word' id='word_1_60' title='bbox 444 936 567 997; x_wconf 92' lang='lat' dir='ltr'>quod</span> <span class='ocrx_word' id='word_1_61' title='bbox 598 936 708 982; x_wconf 87' lang='lat' dir='ltr'>facit</span> <span class='ocrx_word' id='word_1_62' title='bbox 739 936 929 997; x_wconf 85' lang='lat' dir='ltr'>cyathos</span> <span class='ocrx_word' id='word_1_63' title='bbox 952 935 994 981; x_wconf 93' lang='lat' dir='ltr'>II</span> <span class='ocrx_word' id='word_1_64' title='bbox 1024 942 1071 982; x_wconf 90' lang='lat' dir='ltr'>et</span> <span class='ocrx_word' id='word_1_65' title='bbox 1101 936 1327 983; x_wconf 91' lang='lat' dir='ltr'>coclearia</span> <span class='ocrx_word' id='word_1_66' title='bbox 1357 935 1427 984; x_wconf 93' lang='lat' dir='ltr'>VI.</span> <span class='ocrx_word' id='word_1_67' title='bbox 1492 935 1608 983; x_wconf 88' lang='lat' dir='ltr'>Item</span> <span class='ocrx_word' id='word_1_68' title='bbox 1641 937 1821 998; x_wconf 83' lang='lat' dir='ltr'>cotylus</span> 
     </span>
     <span class='ocr_line' id='line_1_10' title="bbox 226 1005 1822 1068; baseline 0.001 -16"><span class='ocrx_word' id='word_1_69' title='bbox 226 1007 528 1052; x_wconf 91' lang='lat' dir='ltr'>triunciarius</span> <span class='ocrx_word' id='word_1_70' title='bbox 559 1005 697 1052; x_wconf 87' lang='lat' dir='ltr'>habet</span> <span class='ocrx_word' id='word_1_71' title='bbox 726 1005 939 1052; x_wconf 90' lang='lat' dir='ltr'>heminae</span> <span class='ocrx_word' id='word_1_72' title='bbox 970 1007 1155 1052; x_wconf 83' lang='lat' dir='ltr'>tertiam</span> <span class='ocrx_word' id='word_1_73' title='bbox 1186 1011 1378 1068; x_wconf 89' lang='lat' dir='ltr'>partem.</span> <span class='ocrx_word' id='word_1_74' title='bbox 1431 1005 1717 1053; x_wconf 87' lang='lat' dir='ltr'>Tetroholon</span> <span class='ocrx_word' id='word_1_75' title='bbox 1750 1012 1822 1053; x_wconf 88' lang='lat' dir='ltr'>est</span> 
     </span>
     <span class='ocr_line' id='line_1_11' title="bbox 226 1075 1822 1137; baseline 0.001 -15"><span class='ocrx_word' id='word_1_76' title='bbox 226 1081 388 1137; x_wconf 87' lang='lat' dir='ltr'>quarta</span> <span class='ocrx_word' id='word_1_77' title='bbox 427 1090 535 1136; x_wconf 91' lang='lat' dir='ltr'>pars</span> <span class='ocrx_word' id='word_1_78' title='bbox 571 1075 798 1122; x_wconf 87' lang='lat' dir='ltr'>heminae.</span> <span class='ocrx_word' id='word_1_79' title='bbox 865 1075 1070 1122; x_wconf 88' lang='lat' dir='ltr'>Choenix</span> <span class='ocrx_word' id='word_1_80' title='bbox 1117 1077 1308 1122; x_wconf 88' lang='lat' dir='ltr'>sextarii</span> <span class='ocrx_word' id='word_1_81' title='bbox 1345 1075 1437 1122; x_wconf 94' lang='lat' dir='ltr'>duo</span> <span class='ocrx_word' id='word_1_82' title='bbox 1476 1082 1597 1123; x_wconf 86' lang='lat' dir='ltr'>sunt.</span> <span class='ocrx_word' id='word_1_83' title='bbox 1667 1075 1822 1123; x_wconf 87' lang='lat' dir='ltr'>Stater</span> 
     </span>
     <span class='ocr_line' id='line_1_12' title="bbox 226 1144 1820 1207; baseline 0.001 -16"><span class='ocrx_word' id='word_1_84' title='bbox 226 1151 297 1192; x_wconf 91' lang='lat' dir='ltr'>est</span> <span class='ocrx_word' id='word_1_85' title='bbox 320 1145 444 1206; x_wconf 89' lang='lat' dir='ltr'>quod</span> <span class='ocrx_word' id='word_1_86' title='bbox 469 1147 660 1191; x_wconf 90' lang='lat' dir='ltr'>metitur</span> <span class='ocrx_word' id='word_1_87' title='bbox 691 1145 934 1191; x_wconf 87' lang='lat' dir='ltr'>drachmas</span> <span class='ocrx_word' id='word_1_88' title='bbox 958 1144 1054 1207; x_wconf 88' lang='lat'>1111,</span> <span class='ocrx_word' id='word_1_89' title='bbox 1086 1151 1157 1192; x_wconf 88' lang='lat' dir='ltr'>est</span> <span class='ocrx_word' id='word_1_90' title='bbox 1188 1151 1340 1192; x_wconf 88' lang='lat' dir='ltr'>autem</span> <span class='ocrx_word' id='word_1_91' title='bbox 1374 1152 1544 1206; x_wconf 86' lang='lat' dir='ltr'>quanta</span> <span class='ocrx_word' id='word_1_92' title='bbox 1569 1147 1820 1194; x_wconf 85' lang='lat' dir='ltr'>semuncia.</span> 
     </span>
     <span class='ocr_line' id='line_1_13' title="bbox 164 1209 1820 1282; baseline 0.001 -21"><span class='ocrx_word' id='word_1_93' title='bbox 164 1226 203 1255; x_wconf 91' lang='lat'>10</span> <span class='ocrx_word' id='word_1_94' title='bbox 226 1215 451 1261; x_wconf 90' lang='lat' dir='ltr'>Denarius</span> <span class='ocrx_word' id='word_1_95' title='bbox 475 1222 547 1262; x_wconf 83' lang='lat' dir='ltr'>est</span> <span class='ocrx_word' id='word_1_96' title='bbox 570 1221 818 1275; x_wconf 85' lang='lat' dir='ltr'>argenteus</span> <span class='ocrx_word' id='word_1_97' title='bbox 842 1214 1058 1261; x_wconf 89' lang='lat' dir='ltr'>drachma</span> <span class='ocrx_word' id='word_1_98' title='bbox 1090 1215 1124 1278; x_wconf 93' lang='lat' dir='ltr'>I,</span> <span class='ocrx_word' id='word_1_99' title='bbox 1155 1215 1278 1276; x_wconf 89' lang='lat' dir='ltr'>quod</span> <span class='ocrx_word' id='word_1_100' title='bbox 1310 1216 1419 1262; x_wconf 88' lang='lat' dir='ltr'>facit</span> <span class='ocrx_word' id='word_1_101' title='bbox 1450 1209 1511 1282; x_wconf 49' lang='grc' dir='ltr'>ᾅ-</span> <span class='ocrx_word' id='word_1_102' title='bbox 1535 1215 1612 1262; x_wconf 90' lang='grc' dir='ltr'><strong>ΙΙΙ.</strong></span> <span class='ocrx_word' id='word_1_103' title='bbox 1667 1214 1820 1263; x_wconf 90' lang='lat' dir='ltr'>Victo-</span> 
     </span>
     <span class='ocr_line' id='line_1_14' title="bbox 225 1284 1821 1345; baseline 0.001 -15"><span class='ocrx_word' id='word_1_104' title='bbox 225 1287 372 1331; x_wconf 88' lang='lat' dir='ltr'>riatus</span> <span class='ocrx_word' id='word_1_105' title='bbox 403 1284 621 1331; x_wconf 90' lang='lat' dir='ltr'>denarius</span> <span class='ocrx_word' id='word_1_106' title='bbox 652 1284 841 1330; x_wconf 85' lang='lat' dir='ltr'>dimidia</span> <span class='ocrx_word' id='word_1_107' title='bbox 879 1298 986 1345; x_wconf 90' lang='lat' dir='ltr'>pars</span> <span class='ocrx_word' id='word_1_108' title='bbox 1025 1284 1272 1331; x_wconf 86' lang='lat' dir='ltr'>drachmae</span> <span class='ocrx_word' id='word_1_109' title='bbox 1310 1290 1394 1330; x_wconf 90' lang='lat' dir='ltr'>est.</span> <span class='ocrx_word' id='word_1_110' title='bbox 1455 1284 1631 1332; x_wconf 91' lang='lat' dir='ltr'>Obolus</span> <span class='ocrx_word' id='word_1_111' title='bbox 1668 1287 1821 1332; x_wconf 93' lang='lat' dir='ltr'>minor</span> 
     </span>
     <span class='ocr_line' id='line_1_15' title="bbox 225 1353 1819 1418; baseline 0.001 -17"><span class='ocrx_word' id='word_1_112' title='bbox 225 1354 470 1401; x_wconf 88' lang='lat' dir='ltr'>drachmae</span> <span class='ocrx_word' id='word_1_113' title='bbox 503 1360 631 1401; x_wconf 86' lang='lat' dir='ltr'>sexta</span> <span class='ocrx_word' id='word_1_114' title='bbox 662 1368 770 1414; x_wconf 92' lang='lat' dir='ltr'>pars</span> <span class='ocrx_word' id='word_1_115' title='bbox 802 1359 896 1400; x_wconf 54' lang='lat' dir='ltr'>est.</span> <span class='ocrx_word' id='word_1_116' title='bbox 939 1353 1141 1415; x_wconf 85' lang='lat' dir='ltr'>Cyathus</span> <span class='ocrx_word' id='word_1_117' title='bbox 1171 1369 1279 1415; x_wconf 87' lang='lat' dir='ltr'>pars</span> <span class='ocrx_word' id='word_1_118' title='bbox 1312 1360 1469 1401; x_wconf 89' lang='lat' dir='ltr'>octava</span> <span class='ocrx_word' id='word_1_119' title='bbox 1502 1357 1706 1418; x_wconf 87' lang='lat' dir='ltr'>sextarii,</span> <span class='ocrx_word' id='word_1_120' title='bbox 1737 1355 1819 1402; x_wconf 92' lang='lat' dir='ltr'>sed</span> 
     </span>
     <span class='ocr_line' id='line_1_16' title="bbox 225 1423 1819 1485; baseline 0.001 -15"><span class='ocrx_word' id='word_1_121' title='bbox 225 1424 281 1470; x_wconf 92' lang='lat' dir='ltr'>ad</span> <span class='ocrx_word' id='word_1_122' title='bbox 318 1424 500 1485; x_wconf 90' lang='lat' dir='ltr'>pondus</span> <span class='ocrx_word' id='word_1_123' title='bbox 538 1423 867 1470; x_wconf 86' lang='lat' dir='ltr'>drachmarum</span> <span class='ocrx_word' id='word_1_124' title='bbox 910 1437 1019 1484; x_wconf 89' lang='lat' dir='ltr'>pars</span> <span class='ocrx_word' id='word_1_125' title='bbox 1062 1424 1239 1470; x_wconf 90' lang='lat' dir='ltr'>decima</span> <span class='ocrx_word' id='word_1_126' title='bbox 1277 1430 1361 1471; x_wconf 89' lang='lat' dir='ltr'>est.</span> <span class='ocrx_word' id='word_1_127' title='bbox 1428 1424 1716 1472; x_wconf 91' lang='lat' dir='ltr'>Coclearium</span> <span class='ocrx_word' id='word_1_128' title='bbox 1753 1425 1819 1471; x_wconf 90' lang='lat' dir='ltr'>di-</span> 
     </span>
     <span class='ocr_line' id='line_1_17' title="bbox 225 1492 1695 1554; baseline 0.001 -15"><span class='ocrx_word' id='word_1_129' title='bbox 225 1494 364 1540; x_wconf 91' lang='lat' dir='ltr'>midia</span> <span class='ocrx_word' id='word_1_130' title='bbox 402 1507 510 1554; x_wconf 91' lang='lat' dir='ltr'>pars</span> <span class='ocrx_word' id='word_1_131' title='bbox 549 1493 796 1540; x_wconf 87' lang='lat' dir='ltr'>drachmae</span> <span class='ocrx_word' id='word_1_132' title='bbox 835 1498 918 1539; x_wconf 90' lang='lat' dir='ltr'>est.</span> <span class='ocrx_word' id='word_1_133' title='bbox 978 1492 1296 1540; x_wconf 89' lang='lat' dir='ltr'>Tetrassarius</span> <span class='ocrx_word' id='word_1_134' title='bbox 1335 1496 1575 1541; x_wconf 89' lang='lat' dir='ltr'>semuncia</span> <span class='ocrx_word' id='word_1_135' title='bbox 1612 1501 1695 1541; x_wconf 89' lang='lat' dir='ltr'>est.</span> 
     </span>
    </p>
   </div>
   <div class='ocr_carea' id='block_1_4' title="bbox 223 1604 1820 1724">
    <p class='ocr_par' dir='ltr' id='par_1_4' title="bbox 223 1604 1820 1724">
     <span class='ocr_line' id='line_1_18' title="bbox 223 1604 1820 1669; baseline 0.001 -17"><span class='ocrx_word' id='word_1_136' title='bbox 223 1605 361 1652; x_wconf 89' lang='lat' dir='ltr'>Item</span> <span class='ocrx_word' id='word_1_137' title='bbox 392 1604 456 1651; x_wconf 91' lang='lat' dir='ltr'>de</span> <span class='ocrx_word' id='word_1_138' title='bbox 487 1604 838 1669; x_wconf 79' lang='lat' dir='ltr'>ponderibus</span> <span class='ocrx_word' id='word_1_139' title='bbox 877 1610 930 1651; x_wconf 91' lang='lat' dir='ltr'>et</span> <span class='ocrx_word' id='word_1_140' title='bbox 960 1606 1245 1651; x_wconf 89' lang='lat' dir='ltr'>mensuris</span> <span class='ocrx_word' id='word_1_141' title='bbox 1280 1605 1820 1653; x_wconf 86' lang='lat' dir='ltr'>medicamentorum</span> 
     </span>
     <span class='ocr_line' id='line_1_19' title="bbox 309 1673 1734 1724; baseline 0.001 -3"><span class='ocrx_word' id='word_1_142' title='bbox 309 1689 370 1722; x_wconf 86' lang='lat' dir='ltr'>ex</span> <span class='ocrx_word' id='word_1_143' title='bbox 408 1674 555 1720; x_wconf 89' lang='lat' dir='ltr'>libro</span> <span class='ocrx_word' id='word_1_144' title='bbox 595 1673 715 1720; x_wconf 66' lang='lat' dir='ltr'>XX2</span> <span class='ocrx_word' id='word_1_145' title='bbox 751 1673 927 1720; x_wconf 91' lang='lat' dir='ltr'>Plinii</span> <span class='ocrx_word' id='word_1_146' title='bbox 964 1674 1338 1722; x_wconf 88' lang='lat' dir='ltr'>historiarum</span> <span class='ocrx_word' id='word_1_147' title='bbox 1375 1675 1734 1724; x_wconf 88' lang='lat' dir='ltr'>naturalium.</span> 
     </span>
    </p>
   </div>
   <div class='ocr_carea' id='block_1_5' title="bbox 161 1771 1820 2461">
    <p class='ocr_par' dir='ltr' id='par_1_5' title="bbox 162 1771 1820 2114">
     <span class='ocr_line' id='line_1_20' title="bbox 162 1771 1819 1834; baseline 0.002 -17"><span class='ocrx_word' id='word_1_148' title='bbox 162 1795 201 1826; x_wconf 85' lang='lat'>15</span> <span class='ocrx_word' id='word_1_149' title='bbox 364 1771 590 1818; x_wconf 87' lang='lat' dir='ltr'>Drachma</span> <span class='ocrx_word' id='word_1_150' title='bbox 613 1772 763 1818; x_wconf 86' lang='lat' dir='ltr'>Attica</span> <span class='ocrx_word' id='word_1_151' title='bbox 795 1771 973 1818; x_wconf 89' lang='lat' dir='ltr'>denarii</span> <span class='ocrx_word' id='word_1_152' title='bbox 1005 1778 1076 1819; x_wconf 89' lang='lat' dir='ltr'>est</span> <span class='ocrx_word' id='word_1_153' title='bbox 1107 1774 1316 1834; x_wconf 85' lang='lat' dir='ltr'>argentei</span> <span class='ocrx_word' id='word_1_154' title='bbox 1345 1773 1542 1834; x_wconf 89' lang='lat' dir='ltr'>pondus.</span> <span class='ocrx_word' id='word_1_155' title='bbox 1591 1773 1819 1820; x_wconf 90' lang='lat' dir='ltr'>Drachma</span> 
     </span>
     <span class='ocr_line' id='line_1_21' title="bbox 224 1841 1819 1903; baseline 0.001 -15"><span class='ocrx_word' id='word_1_156' title='bbox 224 1841 385 1888; x_wconf 88' lang='lat' dir='ltr'>eadem</span> <span class='ocrx_word' id='word_1_157' title='bbox 415 1841 555 1887; x_wconf 89' lang='lat' dir='ltr'>habet</span> <span class='ocrx_word' id='word_1_158' title='bbox 578 1842 626 1887; x_wconf 93' lang='lat' dir='ltr'>in</span> <span class='ocrx_word' id='word_1_159' title='bbox 650 1841 856 1903; x_wconf 89' lang='lat' dir='ltr'>pondere</span> <span class='ocrx_word' id='word_1_160' title='bbox 881 1841 1041 1888; x_wconf 91' lang='lat' dir='ltr'>obolos</span> <span class='ocrx_word' id='word_1_161' title='bbox 1064 1841 1135 1889; x_wconf 92' lang='lat' dir='ltr'>VI.</span> <span class='ocrx_word' id='word_1_162' title='bbox 1189 1842 1364 1889; x_wconf 92' lang='lat' dir='ltr'>Obolus</span> <span class='ocrx_word' id='word_1_163' title='bbox 1391 1842 1532 1889; x_wconf 92' lang='lat' dir='ltr'>habet</span> <span class='ocrx_word' id='word_1_164' title='bbox 1555 1843 1741 1890; x_wconf 89' lang='lat' dir='ltr'>chalcos</span> <span class='ocrx_word' id='word_1_165' title='bbox 1764 1843 1819 1891; x_wconf 85' lang='lat' dir='ltr'>X.</span> 
     </span>
     <span class='ocr_line' id='line_1_22' title="bbox 224 1910 1820 1974; baseline 0.001 -16"><span class='ocrx_word' id='word_1_166' title='bbox 224 1911 427 1973; x_wconf 81' lang='lat' dir='ltr'>Cyathus</span> <span class='ocrx_word' id='word_1_167' title='bbox 453 1911 648 1972; x_wconf 72' lang='lat' dir='ltr'>¹pendet</span> <span class='ocrx_word' id='word_1_168' title='bbox 696 1911 939 1957; x_wconf 90' lang='lat' dir='ltr'>drachmas</span> <span class='ocrx_word' id='word_1_169' title='bbox 984 1910 1038 1958; x_wconf 90' lang='lat' dir='ltr'>X.</span> <span class='ocrx_word' id='word_1_170' title='bbox 1112 1912 1417 1959; x_wconf 88' lang='lat' dir='ltr'>Acetabulum</span> <span class='ocrx_word' id='word_1_171' title='bbox 1469 1913 1593 1974; x_wconf 91' lang='lat' dir='ltr'>quod</span> <span class='ocrx_word' id='word_1_172' title='bbox 1645 1913 1820 1960; x_wconf 86' lang='lat' dir='ltr'>dicitur</span> 
     </span>
     <span class='ocr_line' id='line_1_23' title="bbox 223 1981 1819 2041; baseline 0.001 -13"><span class='ocrx_word' id='word_1_173' title='bbox 223 1981 362 2028; x_wconf 90' lang='lat' dir='ltr'>habet</span> <span class='ocrx_word' id='word_1_174' title='bbox 398 1981 611 2027; x_wconf 89' lang='lat' dir='ltr'>heminae</span> <span class='ocrx_word' id='word_1_175' title='bbox 650 1987 862 2041; x_wconf 88' lang='lat' dir='ltr'>quartam</span> <span class='ocrx_word' id='word_1_176' title='bbox 900 1987 1093 2041; x_wconf 88' lang='lat' dir='ltr'>partem.</span> <span class='ocrx_word' id='word_1_177' title='bbox 1166 1981 1362 2028; x_wconf 89' lang='lat' dir='ltr'>Hemina</span> <span class='ocrx_word' id='word_1_178' title='bbox 1398 1981 1538 2029; x_wconf 89' lang='lat' dir='ltr'>habet</span> <span class='ocrx_word' id='word_1_179' title='bbox 1576 1982 1819 2030; x_wconf 87' lang='lat' dir='ltr'>drachmas</span> 
     </span>
     <span class='ocr_line' id='line_1_24' title="bbox 222 2050 1818 2114; baseline 0 -16"><span class='ocrx_word' id='word_1_180' title='bbox 222 2065 418 2098; x_wconf 91' lang='lat' dir='ltr'>numero</span> <span class='ocrx_word' id='word_1_181' title='bbox 441 2050 533 2097; x_wconf 91' lang='lat' dir='ltr'>LX.</span> <span class='ocrx_word' id='word_1_182' title='bbox 581 2050 700 2112; x_wconf 91' lang='lat' dir='ltr'>Mna,</span> <span class='ocrx_word' id='word_1_183' title='bbox 726 2064 863 2111; x_wconf 90' lang='lat' dir='ltr'>quam</span> <span class='ocrx_word' id='word_1_184' title='bbox 888 2052 1038 2097; x_wconf 89' lang='lat' dir='ltr'>nostri</span> <span class='ocrx_word' id='word_1_185' title='bbox 1061 2052 1233 2098; x_wconf 90' lang='lat' dir='ltr'>minam</span> <span class='ocrx_word' id='word_1_186' title='bbox 1257 2058 1436 2114; x_wconf 88' lang='lat' dir='ltr'>vocant,</span> <span class='ocrx_word' id='word_1_187' title='bbox 1459 2053 1632 2113; x_wconf 88' lang='lat' dir='ltr'>pendet</span> <span class='ocrx_word' id='word_1_188' title='bbox 1655 2053 1818 2100; x_wconf 87' lang='lat' dir='ltr'>drach-</span> 
     </span>
    </p>

    <p class='ocr_par' dir='ltr' id='par_1_6' title="bbox 161 2121 776 2168">
     <span class='ocr_line' id='line_1_25' title="bbox 161 2121 776 2168; baseline -0.003 0"><span class='ocrx_word' id='word_1_189' title='bbox 161 2129 200 2159; x_wconf 81' lang='lat'>20</span> <span class='ocrx_word' id='word_1_190' title='bbox 222 2135 321 2168; x_wconf 91' lang='lat' dir='ltr'>mas</span> <span class='ocrx_word' id='word_1_191' title='bbox 358 2121 535 2167; x_wconf 88' lang='lat' dir='ltr'>Atticas</span> <span class='ocrx_word' id='word_1_192' title='bbox 574 2126 776 2167; x_wconf 89' lang='lat' dir='ltr'>centum.</span> 
     </span>
    </p>

    <p class='ocr_par' dir='ltr' id='par_1_7' title="bbox 222 2190 1819 2461">
     <span class='ocr_line' id='line_1_26' title="bbox 362 2190 1818 2251; baseline 0.002 -15"><span class='ocrx_word' id='word_1_193' title='bbox 362 2190 604 2236; x_wconf 91' lang='lat' dir='ltr'>Mensuras</span> <span class='ocrx_word' id='word_1_194' title='bbox 644 2205 830 2251; x_wconf 89' lang='lat' dir='ltr'>quoque</span> <span class='ocrx_word' id='word_1_195' title='bbox 867 2191 992 2251; x_wconf 91' lang='lat' dir='ltr'>ipsas</span> <span class='ocrx_word' id='word_1_196' title='bbox 1031 2190 1315 2237; x_wconf 89' lang='lat' dir='ltr'>Graecorum</span> <span class='ocrx_word' id='word_1_197' title='bbox 1360 2191 1417 2238; x_wconf 90' lang='lat' dir='ltr'>de</span> <span class='ocrx_word' id='word_1_198' title='bbox 1463 2192 1818 2239; x_wconf 88' lang='lat' dir='ltr'>medicinalibus</span> 
     </span>
     <span class='ocr_line' id='line_1_27' title="bbox 222 2259 1819 2326; baseline 0.002 -20"><span class='ocrx_word' id='word_1_199' title='bbox 222 2259 509 2321; x_wconf 88' lang='lat' dir='ltr'>ponderibus</span> <span class='ocrx_word' id='word_1_200' title='bbox 557 2259 841 2321; x_wconf 85' lang='lat' dir='ltr'>addidimus,</span> <span class='ocrx_word' id='word_1_201' title='bbox 886 2274 1003 2321; x_wconf 91' lang='lat' dir='ltr'>quae</span> <span class='ocrx_word' id='word_1_202' title='bbox 1042 2262 1257 2320; x_wconf 89' lang='lat' dir='ltr'>sequenti</span> <span class='ocrx_word' id='word_1_203' title='bbox 1301 2263 1466 2322; x_wconf 84' lang='lat' dir='ltr'>pagiua</span> <span class='ocrx_word' id='word_1_204' title='bbox 1504 2264 1819 2326; x_wconf 85' lang='lat' dir='ltr'>continentur,</span> 
     </span>
     <span class='ocr_line' id='line_1_28' title="bbox 222 2329 1818 2394; baseline 0.002 -18"><span class='ocrx_word' id='word_1_205' title='bbox 222 2336 276 2376; x_wconf 91' lang='lat' dir='ltr'>ut</span> <span class='ocrx_word' id='word_1_206' title='bbox 311 2331 359 2376; x_wconf 92' lang='lat' dir='ltr'>in</span> <span class='ocrx_word' id='word_1_207' title='bbox 396 2330 722 2376; x_wconf 90' lang='lat' dir='ltr'>huiuscemodi</span> <span class='ocrx_word' id='word_1_208' title='bbox 758 2329 921 2393; x_wconf 88' lang='lat' dir='ltr'>rebus,</span> <span class='ocrx_word' id='word_1_209' title='bbox 966 2331 1006 2376; x_wconf 89' lang='lat' dir='ltr'>si</span> <span class='ocrx_word' id='word_1_210' title='bbox 1043 2332 1194 2377; x_wconf 91' lang='lat' dir='ltr'>visum</span> <span class='ocrx_word' id='word_1_211' title='bbox 1232 2330 1394 2393; x_wconf 84' lang='lat' dir='ltr'>fuerit,</span> <span class='ocrx_word' id='word_1_212' title='bbox 1434 2331 1490 2377; x_wconf 89' lang='lat' dir='ltr'>de</span> <span class='ocrx_word' id='word_1_213' title='bbox 1529 2331 1654 2378; x_wconf 87' lang='lat' dir='ltr'>fonte</span> <span class='ocrx_word' id='word_1_214' title='bbox 1694 2332 1818 2394; x_wconf 92' lang='lat' dir='ltr'>quod</span> 
     </span>
     <span class='ocr_line' id='line_1_29' title="bbox 223 2401 1016 2461; baseline 0 -15"><span class='ocrx_word' id='word_1_215' title='bbox 223 2401 352 2447; x_wconf 89' lang='lat' dir='ltr'>aiunt</span> <span class='ocrx_word' id='word_1_216' title='bbox 387 2401 489 2461; x_wconf 92' lang='lat' dir='ltr'>ipso</span> <span class='ocrx_word' id='word_1_217' title='bbox 528 2405 714 2460; x_wconf 87' lang='lat' dir='ltr'>petatur</span> <span class='ocrx_word' id='word_1_218' title='bbox 751 2401 1016 2447; x_wconf 89' lang='lat' dir='ltr'>auctoritas.</span> 
     </span>
    </p>
   </div>
   <div class='ocr_carea' id='block_1_6' title="bbox 608 2509 1429 2573">
    <p class='ocr_par' dir='ltr' id='par_1_8' title="bbox 608 2509 1429 2573">
     <span class='ocr_line' id='line_1_30' title="bbox 608 2509 1429 2573; baseline 0.001 -17"><span class='ocrx_word' id='word_1_219' title='bbox 608 2509 746 2573; x_wconf 81' lang='grc' dir='ltr'><strong><em>Περὶ</em></strong></span> <span class='ocrx_word' id='word_1_220' title='bbox 784 2510 992 2573; x_wconf 81' lang='grc' dir='ltr'><em>μέτρων</em></span> <span class='ocrx_word' id='word_1_221' title='bbox 1028 2509 1120 2558; x_wconf 83' lang='grc' dir='ltr'>καὶ</span> <span class='ocrx_word' id='word_1_222' title='bbox 1157 2514 1429 2572; x_wconf 81' lang='grc' dir='ltr'><em>σταθμῶν.</em></span> 
     </span>
    </p>
   </div>
   <div class='ocr_carea' id='block_1_7' title="bbox 221 2603 1815 2868">
    <p class='ocr_par' dir='ltr' id='par_1_9' title="bbox 221 2603 1815 2812">
     <span class='ocr_line' id='line_1_31' title="bbox 353 2603 1815 2673; baseline 0.002 -19.021"><span class='ocrx_word' id='word_1_223' title='bbox 353 2603 419 2653; x_wconf 94' lang='lat' dir='ltr'><em>H</em></span> <span class='ocrx_word' id='word_1_224' title='bbox 444 2610 535 2668; x_wconf 83' lang='grc' dir='ltr'>μνᾶ</span> <span class='ocrx_word' id='word_1_225' title='bbox 566 2606 655 2669; x_wconf 80' lang='grc' dir='ltr'><em>ἔχει</em></span> <span class='ocrx_word' id='word_1_226' title='bbox 686 2603 823 2665; x_wconf 80' lang='grc' dir='ltr'><strong><em>ὁλκὰς</em></strong></span> <span class='ocrx_word' id='word_1_227' title='bbox 853 2604 920 2669; x_wconf 78' lang='grc' dir='ltr'>ρξ’</span> <span class='ocrx_word' id='word_1_228' title='bbox 922 2643 935 2668; x_wconf 88' lang='grc'>,</span> <span class='ocrx_word' id='word_1_229' title='bbox 971 2603 1001 2670; x_wconf 79' lang='grc' dir='ltr'>ἡ</span> <span class='ocrx_word' id='word_1_230' title='bbox 1039 2609 1166 2671; x_wconf 81' lang='grc' dir='ltr'><em>λίτροι</em></span> <span class='ocrx_word' id='word_1_231' title='bbox 1196 2607 1282 2670; x_wconf 77' lang='grc' dir='ltr'><em>ἔχει</em></span> <span class='ocrx_word' id='word_1_232' title='bbox 1318 2604 1506 2672; x_wconf 76' lang='grc' dir='ltr'><em>οὗγγίοις</em></span> <span class='ocrx_word' id='word_1_233' title='bbox 1536 2603 1620 2670; x_wconf 84' lang='grc' dir='ltr'>ιβ’,</span> <span class='ocrx_word' id='word_1_234' title='bbox 1650 2605 1680 2671; x_wconf 76' lang='grc' dir='ltr'><em>ἡ</em></span> <span class='ocrx_word' id='word_1_235' title='bbox 1711 2606 1815 2673; x_wconf 75' lang='grc' dir='ltr'><em>οὐγ-</em></span> 
     </span>
     <span class='ocr_line' id='line_1_32' title="bbox 221 2672 1815 2742; baseline 0.002 -19"><span class='ocrx_word' id='word_1_236' title='bbox 221 2676 298 2739; x_wconf 81' lang='grc' dir='ltr'>γία</span> <span class='ocrx_word' id='word_1_237' title='bbox 335 2676 424 2738; x_wconf 75' lang='grc' dir='ltr'><em>ἔχει</em></span> <span class='ocrx_word' id='word_1_238' title='bbox 462 2672 602 2734; x_wconf 81' lang='grc' dir='ltr'><em>ὁλκὰς</em></span> <span class='ocrx_word' id='word_1_239' title='bbox 638 2674 695 2739; x_wconf 75' lang='grc' dir='ltr'>η’,</span> <span class='ocrx_word' id='word_1_240' title='bbox 733 2673 762 2739; x_wconf 79' lang='grc' dir='ltr'>ἡ</span> <span class='ocrx_word' id='word_1_241' title='bbox 804 2673 915 2739; x_wconf 84' lang='grc' dir='ltr'><em>ὁλκὴ</em></span> <span class='ocrx_word' id='word_1_242' title='bbox 948 2677 1036 2740; x_wconf 74' lang='grc' dir='ltr'><em>ἔχει</em></span> <span class='ocrx_word' id='word_1_243' title='bbox 1066 2696 1307 2741; x_wconf 77' lang='grc' dir='ltr'><em>γραμματα</em></span> <span class='ocrx_word' id='word_1_244' title='bbox 1337 2676 1394 2741; x_wconf 75' lang='grc' dir='ltr'>γ’,</span> <span class='ocrx_word' id='word_1_245' title='bbox 1430 2675 1479 2726; x_wconf 87' lang='grc' dir='ltr'>τὸ</span> <span class='ocrx_word' id='word_1_246' title='bbox 1509 2675 1696 2742; x_wconf 75' lang='grc' dir='ltr'><em>γράμμα</em></span> <span class='ocrx_word' id='word_1_247' title='bbox 1726 2679 1815 2741; x_wconf 74' lang='grc' dir='ltr'><strong><em>ἔχει</em></strong></span> 
     </span>
     <span class='ocr_line' id='line_1_33' title="bbox 222 2742 1814 2812; baseline 0.001 -18"><span class='ocrx_word' id='word_1_248' title='bbox 222 2742 418 2807; x_wconf 81' lang='grc' dir='ltr'><em>ὀβολοὺς</em></span> <span class='ocrx_word' id='word_1_249' title='bbox 454 2743 498 2808; x_wconf 83' lang='grc' dir='ltr'>β’</span> <span class='ocrx_word' id='word_1_250' title='bbox 500 2785 510 2808; x_wconf 86' lang='lat'>,</span> <span class='ocrx_word' id='word_1_251' title='bbox 550 2765 564 2794; x_wconf 89' lang='grc'>(</span> <span class='ocrx_word' id='word_1_252' title='bbox 613 2743 777 2808; x_wconf 77' lang='grc' dir='ltr'><em>ὀβολὸς</em></span> <span class='ocrx_word' id='word_1_253' title='bbox 815 2747 905 2809; x_wconf 76' lang='grc' dir='ltr'><em>ἔχει</em></span> <span class='ocrx_word' id='word_1_254' title='bbox 940 2744 1125 2810; x_wconf 75' lang='grc' dir='ltr'><em>κεράτια</em></span> <span class='ocrx_word' id='word_1_255' title='bbox 1157 2744 1213 2808; x_wconf 75' lang='grc' dir='ltr'>δ’,</span> <span class='ocrx_word' id='word_1_256' title='bbox 1249 2744 1297 2796; x_wconf 85' lang='grc' dir='ltr'>τὸ</span> <span class='ocrx_word' id='word_1_257' title='bbox 1327 2745 1539 2810; x_wconf 73' lang='grc' dir='ltr'><em>κεράτιον</em></span> <span class='ocrx_word' id='word_1_258' title='bbox 1575 2748 1665 2811; x_wconf 76' lang='grc' dir='ltr'><em>ἔχει</em></span> <span class='ocrx_word' id='word_1_259' title='bbox 1707 2753 1814 2812; x_wconf 83' lang='grc' dir='ltr'><em>χαλ-</em></span> 
     </span>
    </p>

    <p class='ocr_par' dir='ltr' id='par_1_10' title="bbox 1514 2828 1563 2868">
     <span class='ocr_line' id='line_1_34' title="bbox 1514 2828 1563 2868; baseline 0 -15"><span class='ocrx_word' id='word_1_260' title='bbox 1514 2828 1563 2868; x_wconf 77' lang='lat'>1*</span> 
     </span>
    </p>
   </div>
  </div>
 </body>
</html>
