1898 3016
810 74 1194 124 —225—

204 204 430 253 coclearia
468 204 667 264 accipiet
704 203 915 264 epaticus
952 203 1138 249 ieiunus
1177 209 1223 249 et
1259 203 1308 249 in
1346 217 1400 250 eo
1438 202 1582 250 latere
1621 203 1801 251 diutule

203 274 391 337 iacebit3
438 272 607 320 deinde
653 271 907 320 ambulabit
944 277 992 318 et
1027 286 1113 333 per
1150 272 1361 319 triduum
1397 275 1675 320 continuum
1713 274 1801 321 hoc

201 344 491 391 medicamen
529 344 726 405 accipiet
764 342 977 389 similiter
1015 341 1280 389 observans

340 413 540 460 Prodest
582 412 779 459 mirifice
824 412 938 459 haec
979 412 1239 472 conpositio
1271 412 1327 459 ad
1366 418 1598 459 tumorem
1636 419 1683 459 et
1720 413 1799 460 do-

159 496 179 528 5
201 483 346 530 lorem
378 497 484 530 cum
515 482 687 530 duritia
716 483 937 529 iocineris
969 487 1016 528 et
1044 481 1194 545 lieniS,
1225 483 1339 528 item
1369 482 1426 528 ad
1457 483 1641 528 renium
1673 483 1799 530 dolo-

202 567 300 599 rem
345 552 463 599 bene
508 553 641 614 facit3
689 566 796 598 nam
841 557 888 599 et
933 551 1138 599 colorem
1183 553 1395 613 corporis
1441 553 1672 615 restituit,
1719 554 1801 614 qui

200 629 393 684 propter
438 623 546 668 vitia
591 635 732 682 supra
777 621 1008 668 dictarum
1052 622 1257 683 partIum
1302 623 1623 682 corrumpitur
1671 622 1799 683 palli-

201 692 382 754 dusque
412 692 712 753 conspicitur.
758 690 956 738 Prodest
981 691 1070 738 hoc
1094 690 1219 737 idem
1241 691 1636 739 medicamentum
1660 694 1800 739 etiam

199 761 256 808 ad
293 775 440 823 aquae
477 762 780 823 mutationes,
818 761 864 807 id
904 767 976 807 est
1013 761 1070 807 ad
1106 760 1384 824 hydropem,
1423 761 1671 809 conficitur
1710 764 1800 809 sic:

138 845 177 875 ιο
202 829 338 878 Croci
367 829 407 876 X
430 829 485 892 X,
514 830 650 877 nardi
680 829 719 876 X
742 830 797 892 II,
830 831 980 877 casiae
1004 829 1044 876 X
1068 829 1123 892 II,
1156 832 1276 877 costi
1298 830 1338 877 X
1361 831 1382 877 Ι
1407 830 1452 892 S,
1486 831 1681 878 schoeni
1703 830 1744 877 X
1767 830 1800 895 I,

203 901 406 948 cinnami
426 899 465 946 X
488 899 522 962 I,
545 914 727 962 myrrae
752 905 924 947 stactae
949 899 989 946 X
1011 899 1045 963 I,
1067 899 1219 946 mellis
1243 902 1409 962 optimi
1433 899 1473 947 X
1494 899 1638 964 XXV;
1663 901 1801 948 datur

203 971 359 1017 ieiuno
399 974 624 1031 quantum
662 969 765 1016 faba
804 976 874 1017 est
908 969 1132 1031 Aegyptia
1170 983 1226 1015 ex
1262 969 1404 1017 mulsi
1437 969 1615 1032 cyathis
1645 969 1744 1017 IIII.

343 1039 618 1086 Remedium
647 1039 811 1086 efficax
840 1039 896 1086 ad
926 1040 1148 1086 iocineris
1179 1039 1400 1086 duritiam
1424 1046 1644 1103 veterem,
1675 1040 1800 1102 quod

203 1115 250 1156 et
285 1109 567 1171 hydropicos
605 1114 651 1156 et
686 1109 890 1156 lienosos
928 1115 975 1156 et
1012 1115 1231 1170 arquatos
1277 1114 1324 1157 et
1362 1109 1534 1171 quibus
1572 1124 1690 1171 opus
1729 1117 1801 1157 est

139 1193 178 1224 15
202 1180 378 1226 moveri
407 1180 590 1225 urinam
621 1180 944 1240 potentissime
973 1184 1116 1242 sanat,
1146 1178 1457 1227 muliebribus
1483 1194 1669 1241 quoque
1694 1194 1800 1226 cau·

201 1250 265 1295 sis
302 1248 514 1311 prodest3
559 1262 664 1295 nam
710 1255 757 1295 et
802 1263 858 1295 ex
895 1254 1034 1309 partu
1070 1248 1260 1295 residua
1295 1255 1465 1310 purgat
1502 1255 1550 1296 et
1586 1250 1800 1295 mammis

200 1317 490 1365 tumentibus
520 1317 725 1379 prodest.
785 1318 986 1365 Perduci
1015 1317 1144 1379 illud,
1173 1317 1221 1364 id
1253 1323 1324 1364 est
1356 1321 1523 1381 potari,
1559 1333 1616 1366 ex
1646 1318 1797 1366 mulso

200 1390 306 1434 vino
353 1393 557 1450 oportet,
602 1387 850 1434 conficitur
889 1389 978 1435 sic:
1035 1388 1178 1434 Anesi
1214 1386 1255 1433 X
1291 1386 1437 1450 VIIII,
1479 1388 1615 1436 dauci
1653 1387 1691 1435 X
1722 1387 1799 1451 III,

201 1457 473 1518 petroselini
494 1457 632 1520 idem,
655 1458 860 1517 iuniperi
882 1457 1020 1519 idem,
1048 1457 1147 1503 silis
1169 1456 1307 1519 idem,
1331 1458 1621 1518 tragacanthi
1643 1457 1683 1503 X
1706 1457 1727 1503 I
1753 1457 1798 1520 S,

136 1542 178 1572 20
200 1529 388 1588 panacis
425 1526 595 1573 radicis
631 1525 671 1572 X
701 1525 821 1590 VIII,
858 1527 963 1589 iris,
999 1541 1203 1589 myrrae,
1241 1528 1380 1590 costi,
1418 1529 1604 1591 amomi,
1640 1529 1797 1588 singu-

199 1597 352 1643 lorum
389 1595 429 1642 X
467 1610 625 1658 senos,
670 1597 874 1643 cinnami
911 1595 1065 1659 XIII,
1110 1597 1260 1643 casiae
1290 1595 1368 1659 VI,
1414 1599 1632 1659 smyrnii,
1672 1596 1797 1658 quod

200 1672 272 1712 est
309 1680 469 1712 semen
501 1665 677 1711 holeris
707 1667 797 1712 atri
826 1665 866 1712 X
897 1665 1011 1728 VIII,
1049 1666 1184 1712 nardi
1215 1665 1433 1728 Syriacae
1464 1666 1504 1713 X
1533 1666 1632 1728 IIII,
1670 1668 1799 1713 acori

199 1735 239 1782 X
269 1735 383 1798 VIII,
420 1734 613 1781 balsami
651 1737 842 1782 seminis
880 1735 920 1781 X
951 1735 1029 1798 VI,
1068 1737 1164 1796 opii
1200 1735 1240 1781 X
1270 1735 1320 1798 V,
1358 1737 1457 1782 ervi
1492 1736 1643 1783 moliti
1682 1734 1731 1782 5*
1762 1736 1796 1799 I,

201 1804 356 1851 scillae
401 1810 559 1851 coctae
598 1804 727 1866 XII,
770 1806 867 1851 vini
911 1804 1013 1852 Chii
1057 1812 1137 1852 aut
1174 1804 1331 1852 Lesbii
1377 1805 1501 1866 quod
1539 1807 1653 1852 satis
1692 1808 1797 1853 erit.

138 1888 178 1919 25
200 1873 378 1921 Pastilli
428 1888 484 1920 ex
535 1873 608 1920 his
658 1875 706 1920 in
764 1874 1004 1935 pulverem
1063 1875 1266 1922 redactis
1319 1876 1437 1922 fiunt
1496 1875 1797 1922 denariorum

202 1945 347 1991 duum
384 1943 456 1990 vel
492 1944 636 1990 trium
673 1949 720 1990 et
756 1943 926 1991 dantur
963 1959 1071 1991 cum
1107 1959 1226 2005 opus
1265 1950 1336 1991 est
1367 1959 1424 1991 ex
1453 1944 1606 1992 mulso
1637 1947 1795 1992 ieiuno

201 2020 248 2061 et
284 2013 477 2074 digesto

340 2082 606 2146 Antidotos,
651 2097 768 2143 quae
806 2082 983 2144 Zopyre
1021 2083 1214 2146 dicitur,
1259 2084 1370 2131 facit
1412 2099 1506 2131 non
1549 2084 1700 2131 solum
1737 2083 1795 2130 ad

201 2154 440 2215 iocineris,
485 2151 567 2198 sed
613 2158 659 2198 et
700 2152 755 2198 ad
792 2152 951 2199 lateris
990 2159 1036 2199 et
1072 2153 1130 2199 ad
1166 2155 1371 2214 pectoris
1409 2162 1456 2200 et
1493 2154 1549 2200 ad
1588 2154 1794 2200 vessicae

137 2237 178 2268 30
202 2222 385 2269 dolores
424 2228 470 2268 et
506 2222 563 2268 ad
593 2223 760 2269 tussim
790 2229 994 2269 veterem
1026 2228 1072 2269 et
1102 2223 1158 2269 ad
1188 2223 1469 2284 hydropicos
1500 2229 1547 2269 et
1576 2229 1796 2284 arquatos

202 2299 248 2338 et
283 2292 487 2339 lienosos
526 2298 572 2338 et
609 2292 666 2338 ad
709 2306 809 2355 eos,
849 2294 930 2353 qui
966 2292 1083 2338 mala
1119 2293 1457 2340 medicamenta
1495 2294 1796 2355 sumpserint,

203 2376 320 2422 quae
357 2363 453 2408 sive
490 2367 652 2422 postea
690 2362 796 2408 data
833 2363 928 2408 sive
966 2367 1073 2408 ante
1103 2368 1218 2423 pota
1256 2363 1445 2425 fuerint,
1482 2377 1567 2423 per
1604 2362 1693 2409 hoc
1723 2376 1796 2408 re-

203 2431 408 2478 medium
452 2446 545 2478 non
590 2431 847 2494 nocebunt,
895 2432 1144 2478 conficitur
1188 2434 1276 2479 sic:
1334 2432 1515 2494 Myrrae
1560 2431 1601 2478 X
1637 2431 1718 2478 VII
1751 2431 1797 2495 S,

347 2554 371 2592 5
394 2551 583 2607 renium]
607 2551 864 2595 remedium.
926 2557 949 2594 9
973 2550 1185 2606 idropem.
1253 2556 1304 2594 10
1327 2552 1485 2594 scoeni.
1549 2556 1598 2594 11
1623 2551 1796 2594 mitrae.

208 2609 257 2647 12
289 2607 455 2658 quanta.
485 2606 734 2650 Commius.
898 2607 1029 2649 fabae
1068 2621 1103 2651 e.
1139 2607 1386 2661 aegyptiae.
1555 2612 1605 2650 17
1635 2606 1796 2662 putari.

208 2665 259 2703 18
291 2662 468 2715 oportit.
575 2668 627 2705 20
657 2664 828 2706 mitrae.
944 2668 996 2705 21
1028 2663 1227 2718 smyrnii]
1252 2662 1435 2706 murnei.
1549 2668 1602 2705 23
1625 2662 1797 2706 moluti.

207 2721 258 2759 26
290 2730 343 2759 ex
371 2718 514 2760 mulso
542 2731 620 2761 om.
743 2723 794 2761 28
826 2720 986 2774 zopire.
1102 2723 1155 2761 30
1184 2720 1432 2773 ydropicOS.

290 2795 525 2827 MAncanus
533 2818 543 2833 ,
567 2804 628 2828 m).
650 2797 895 2830 Hnnmzmcn.
1495 2793 1545 2830 15

1833 423 1885 462 16

1833 1050 1884 1088 17

1829 2093 1881 2131 18
