1898 3016
760 138 818 145 —
899 109 1133 159 103—

157 243 256 288 sine
287 239 574 287 dubitatione
605 237 797 284 sanabit.
859 237 1023 284 Salicis
1053 251 1196 283 sucus
1227 236 1442 282 foliorum
1475 250 1580 283 curn
1612 250 1744 282 rosae
1777 247 1829 284 86

156 325 267 358 suco
305 316 383 356 aut
421 322 610 355 rosaceo
647 307 749 354 oleo
787 309 834 353 in
873 308 1047 354 cortice
1084 306 1192 352 mali
1222 306 1385 352 Punici
1418 306 1668 352 calefactus
1699 311 1746 352 et

155 379 388 427 auriculae
418 378 594 425 inditus
624 379 742 423 mire
780 378 1028 424 succurrit.
1095 376 1248 422 Gallae
1286 390 1341 422 ex
1380 377 1486 422 vino
1525 376 1744 422 decoctae
1776 386 1828 424 87

156 464 290 497 umor
325 448 574 496 instillatus
611 447 860 508 auriculae,
897 461 953 493 ex
992 461 1081 507 qua
1119 448 1272 492 sanies
1303 446 1418 506 fluit,
1457 447 1595 492 etiam
1627 460 1745 506 quae

111 521 329 566 afuerint
377 517 625 579 purulenta
670 516 900 578 purgabit.
974 515 1145 563 Resina
1191 515 1505 562 terebinthina
1551 518 1743 562 remissa
1776 525 1828 562 88

155 589 332 635 adiecto
378 586 593 634 muliebri
637 585 754 632 lacte
801 585 1019 632 instillata
1059 593 1219 647 ruptas
1257 585 1490 632 auriculas
1528 592 1745 646 potenter

155 666 298 704 sanat.
369 657 512 704 Nucis
555 655 784 716 iuglandis
829 655 1045 702 foliorum
1092 670 1234 702 sucus
1271 655 1457 716 tepidus
1482 655 1744 701 *instillatus
1775 665 1827 703 89

153 728 327 774 dolenti
369 725 603 773 auriculae
646 727 764 772 mire
810 725 1031 785 proderit.
1104 725 1285 787 Myrrae
1332 726 1468 771 tritae
1513 726 1744 771 victoriati
1775 735 1833 773 90·

153 799 361 858 argentei
403 797 585 857 pondus
630 804 676 842 et
719 795 849 841 lanae
894 795 1081 842 sucidae
1127 809 1219 841 non
1264 800 1450 854 carptae
1489 794 1744 841 conbustae

93 878 133 910 ιο
154 867 357 928 pulveris
389 866 661 912 tantundem
694 866 849 911 infuso
877 879 1014 925 passo
1039 864 1222 911 Cretico
1253 864 1391 910 simul
1419 866 1571 926 terito,
1596 864 1745 910 donec

152 936 207 983 ad
232 936 588 983 crassitudinem
614 934 760 981 mellis
784 934 989 997 redigas3
1013 941 1110 980 tum
1135 933 1410 980 calefactum
1431 948 1515 994 per
1536 933 1745 980 triduum

152 1005 386 1053 auriculae
423 1005 670 1067 infundite,
709 1010 871 1065 quarta
909 1004 983 1050 die
1023 1018 1179 1050 sanam
1219 1004 1395 1050 efficies
1433 1011 1479 1050 et
1513 1003 1743 1049 mirabere

152 1090 367 1136 magnum
412 1075 682 1122 remedium.
756 1073 896 1120 Turis
952 1073 1170 1135 masculi,
1221 1088 1401 1135 myrrae
1454 1073 1744 1136 troglodytis,
1775 1083 1826 1122 91

153 1147 280 1192 croci
316 1145 498 1206 Corycii
535 1144 807 1191 tantundem
845 1144 1087 1206 ponderis,
1133 1158 1306 1189 nucum
1346 1158 1531 1204 quoque
1570 1157 1743 1189 amara-

91 1224 130 1257 15
154 1229 257 1261 rum
288 1215 557 1261 tantundem
589 1213 828 1275 miscebis3
866 1213 944 1259 sed
982 1215 1134 1259 omnia
1165 1212 1219 1258 ad
1252 1227 1480 1259 summam
1511 1213 1744 1259 levitatem

154 1286 352 1331 contrita
383 1284 561 1330 adiecto
585 1290 716 1330 aceto
740 1282 1035 1344 temperabis,
1067 1285 1129 1329 ita
1154 1289 1205 1329 ut
1228 1282 1514 1328 medicamen
1539 1282 1596 1328 ad
1621 1297 1744 1329 cras·

154 1354 404 1400 situdinem
449 1353 614 1415 liquidi
657 1352 807 1399 mellis
847 1353 1071 1415 adducas3
1114 1359 1215 1398 tum
1257 1354 1303 1398 in
1342 1352 1558 1413 pyxidem
1597 1351 1745 1413 plum-

154 1423 285 1470 beam
317 1423 589 1470 transfunde
619 1428 756 1483 atque
787 1422 880 1469 illic
911 1421 998 1468 sub
1029 1421 1267 1483 signaculo
1299 1422 1537 1468 conditum
1561 1421 1744 1469 habeto.

153 1493 268 1540 Cum
305 1507 424 1554 opus
461 1493 616 1553 fuerit,
652 1498 846 1553 purgata
883 1493 1016 1552 prius
1053 1491 1259 1538 auricula
1298 1499 1451 1552 utere,
1498 1493 1560 1537 ita
1599 1497 1651 1538 ut
1688 1507 1745 1538 ex

89 1571 130 1604 20
153 1577 207 1609 eo
252 1562 452 1608 lanulam
497 1561 799 1608 madefactam
851 1563 1043 1607 inseras.
1123 1560 1220 1607 Hoc
1269 1560 1440 1607 auxilio
1489 1575 1640 1622 usque
1686 1561 1742 1608 ad

151 1633 405 1693 perfectam
449 1633 694 1678 sanitatem
737 1633 807 1677 uti
844 1633 1042 1693 poteris,
1087 1645 1287 1691 namque
1334 1645 1425 1677 non
1471 1631 1619 1677 solum
1666 1630 1744 1677 do-

151 1703 273 1748 lores
317 1703 521 1763 aurium,
566 1701 647 1747 sed
694 1709 740 1747 et
786 1707 941 1747 vetera
987 1708 1033 1747 et
1076 1700 1325 1762 purulenta
1363 1702 1474 1747 vitia
1519 1702 1743 1762 potentis-

152 1773 266 1818 sime
304 1777 530 1832 expurgat
573 1778 620 1817 et
657 1777 800 1817 sanat.
873 1769 1128 1817 Galbanum
1166 1785 1273 1816 rosa
1316 1770 1490 1831 liquida
1535 1777 1615 1817 aut
1658 1785 1742 1817 un·
1773 1781 1826 1819 92

151 1847 323 1902 guento
368 1841 562 1887 nardino
600 1840 858 1887 delibutum
899 1839 1266 1901 instillatumque
1312 1839 1519 1886 dolorem
1558 1842 1743 1887 aurium

88 1920 129 1951 25
150 1910 276 1957 lenit.
349 1909 544 1956 Alumen
591 1909 740 1956 mulso
783 1912 956 1971 optimo
1002 1909 1199 1956 dilutum
1245 1915 1292 1956 et
1328 1909 1430 1956 lana
1467 1909 1741 1957 instillatum
1773 1920 1825 1958 93

151 1979 358 2027 dolorem
395 1982 577 2026 aurium
616 1986 759 2026 sanat.
818 1979 1022 2026 Gallinae
1059 1979 1202 2039 adeps
1232 1979 1479 2040 liquefacta
1510 1985 1557 2027 et
1586 1980 1742 2041 tepide
1773 1990 1827 2028 94

149 2050 369 2096 instillata
414 2049 653 2110 quodlibet
697 2051 860 2096 vitium
904 2051 1087 2096 aurium
1132 2057 1275 2095 sanat.
1349 2049 1464 2095 Galli
1501 2049 1744 2110 gallinacei
1773 2061 1826 2098 95

150 2134 206 2166 ex
243 2119 503 2166 ventriculo
539 2120 762 2165 interiore
800 2119 1088 2180 membrana,
1127 2133 1243 2180 quae
1281 2121 1430 2179 proici
1467 2119 1605 2181 solet,
1644 2134 1742 2166 are-

150 2191 269 2236 facta
306 2191 509 2250 tritaque
547 2203 602 2235 ex
640 2191 746 2235 vino
784 2189 965 2235 adiecto
1002 2187 1188 2249 paululo
1220 2191 1315 2249 opii
1346 2188 1631 2235 medicamen
1664 2204 1741 2235 au-

86 2268 129 2299 80
150 2259 281 2305 ribus
326 2258 625 2305 utilissimum
667 2259 797 2321 facit,
843 2259 965 2319 quod
1011 2257 1283 2304 calefactum
1322 2259 1530 2305 infusum
1569 2273 1741 2319 suppu-

150 2330 375 2375 rationem
428 2330 529 2375 eius
580 2334 807 2390 expurgat
857 2334 904 2375 et
955 2334 1100 2375 sanat.
1171 2327 1325 2388 Adeps
1374 2330 1586 2374 anserina
1634 2343 1742 2375 cum
1772 2339 1824 2376 96

151 2400 278 2444 croci
315 2413 426 2444 suco
464 2400 605 2445 mixta
645 2404 692 2444 et
728 2398 955 2459 tepefacta
995 2412 1047 2444 ac
1086 2399 1153 2443 sic
1190 2397 1343 2443 infusa
1374 2411 1539 2458 aquam
1571 2406 1616 2444 et
1647 2413 1742 2444 om-

151 2482 258 2514 nem
302 2482 512 2514 umorem
558 2469 614 2515 de
660 2467 882 2514 auriculis
927 2473 1086 2514 evocat
1131 2473 1178 2513 et
1221 2474 1452 2527 persanat.
1525 2467 1658 2522 Quod
1702 2469 1742 2514 si

151 2551 206 2583 ex
257 2540 353 2584 ictu
404 2537 549 2584 aliove
594 2552 704 2584 casu
751 2538 958 2584 auricula
1002 2539 1159 2583 vitiata
1203 2537 1365 2599 fuerit,
1416 2544 1516 2583 tum
1561 2552 1646 2598 per
1690 2552 1740 2584 se

891 2621 930 2651 ο

263 2706 286 2741 3
316 2700 494 2742 inditur.
581 2705 606 2742 5
636 2698 927 2742 terebentina..
1017 2704 1039 2741 7
1071 2700 1204 2740 nocis.
1300 2702 1325 2739 8
1357 2699 1514 2741 mii-rae
1543 2701 1643 2741 item
1675 2704 1738 2742 13.

153 2760 204 2797 13
220 2755 481 2799 trocloditis.
556 2761 606 2798 18
623 2756 816 2798 contum.
882 2759 936 2797 24
953 2754 1143 2796 dilutum
1162 2754 1410 2798 Coi-narius.
1470 2759 1523 2797 29
1547 2754 1741 2809 paulolo.
