1930 3008
794 108 1173 159 —266-

189 245 351 299 tutem,
389 235 606 282 adamans
640 235 758 297 lapis
788 238 1003 299 invictus,
1042 238 1125 298 qui
1154 251 1308 298 neque
1338 239 1445 299 igne
1475 254 1628 301 neque
1660 241 1786 287 ferro

102 390 156 428 96

97 1228 151 1266 97

96 1648 150 1686 98

95 1789 149 1826 99

99 2067 179 2106 100

98 2276 175 2313 101

97 2346 177 2384 102

98 2485 176 2523 103

188 308 405 368 vincitur,
444 307 485 353 si
514 308 740 367 sanguine
770 307 952 353 hircino
983 307 1204 367 perfusus
1234 307 1391 370 fuerit,
1428 323 1536 356 mox
1566 310 1786 358 solvetur.

327 376 396 422 Ad
433 378 639 423 vessicae
679 376 888 423 dolorem
933 382 979 422 et
1023 378 1186 423 urinae
1232 376 1553 426 difficultatem
1592 380 1787 428 herbam

188 446 440 507 gladiolum
476 446 726 507 diligenter
763 446 930 508 fodito,
974 454 1028 493 ut
1073 461 1259 493 omnem
1299 448 1506 496 radicem
1543 451 1644 497 eius
1681 450 1786 512 palo

186 518 340 578 ligneo
385 531 544 579 eruas,
589 518 726 563 cuius
771 516 940 562 radicis
987 518 1210 564 corticem
1256 517 1505 579 diligenter
1545 520 1829 567 nitidatam5

188 586 386 634 siccabis
424 588 598 647 optime
638 592 685 633 et
721 592 848 633 teres
886 592 1026 648 atque
1064 587 1314 650 cribrabis‚
1358 595 1410 635 ut
1454 590 1503 635 in
1546 589 1787 651 pulverem

186 658 514 704 tenuissimum
553 657 752 719 redigaS‚
790 663 930 717 atque
972 671 1028 703 ex
1066 672 1120 704 eo
1158 657 1384 704 coclearia
1422 660 1512 706 tria
1547 661 1707 707 mittes
1737 662 1787 707 in

186 729 463 774 mortarium
500 733 547 773 et
583 728 761 788 piperis
796 726 889 773 albi
919 741 1062 787 grana
1084 726 1206 773 VIIII
1235 730 1346 774 trita
1377 734 1424 775 et
1454 738 1636 791 myrrae
1669 732 1786 792 opti-

187 813 258 844 me
297 799 435 844 tritae
473 797 696 858 pusillum
735 804 782 844 et
817 798 912 843 vini
951 799 1115 858 optimi
1145 795 1193 844 »ss
1224 797 1266 844 Il
1303 805 1442 860 atque
1479 799 1594 847 haec
1632 802 1786 847 omnia

186 870 234 914 in
278 882 425 914 unum
469 866 777 928 permiscebis
821 874 867 914 et
905 873 1121 913 conteres
1160 882 1212 913 ac
1250 867 1481 915 laboranti
1516 871 1566 916 in
1603 870 1783 934 balneo,
1809 884 1848 914 10

185 938 232 984 id
271 944 343 984 est
381 952 488 984 cum
525 939 574 983 in
611 938 840 998 piscinam
878 937 1194 1000 descenderit,
1240 937 1371 984 dabis
1417 938 1668 987 bibendam
1705 955 1786 1002 po-

184 1009 361 1054 tionem
399 1013 445 1054 et
475 1007 701 1070 monebis,
738 1013 792 1054 ut
823 1021 872 1053 se
903 1014 1010 1068 post
1039 1006 1256 1054 balneum
1287 1007 1568 1056 calidissime
1599 1016 1782 1058 tractet.

184 1077 283 1124 Hoc
328 1077 636 1124 medicamine
675 1092 760 1123 seu
797 1078 868 1123 vir
905 1091 990 1123 seu
1026 1076 1194 1124 mulier
1233 1091 1316 1124 seu
1353 1093 1473 1139 puer
1511 1093 1594 1126 seu
1631 1080 1787 1141 puella

182 1149 506 1209 potentissime
545 1146 798 1194 sanabitur.

324 1217 538 1264 Cocleam
584 1217 808 1277 grandem
852 1230 992 1263 unam
1036 1218 1184 1263 vivam
1221 1217 1425 1278 prendes
1463 1224 1510 1265 et
1547 1220 1648 1266 eius
1687 1234 1785 1267 car·
1807 1233 1848 1264 15

184 1302 292 1334 nem
343 1288 519 1334 eximes
573 1301 624 1333 ac
674 1287 819 1333 solam
863 1292 990 1333 teres
1042 1289 1091 1333 in
1143 1289 1365 1334 mortario
1418 1294 1464 1335 et
1509 1303 1616 1336 cum
1665 1292 1784 1337 aceti

184 1359 306 1404 acris
337 1356 618 1404 cocliaribus
656 1357 809 1403 tribus
848 1355 979 1403 dabis
1015 1356 1266 1404 bibendam
1297 1364 1436 1420 atque
1467 1358 1557 1405 hoc
1586 1373 1671 1421 per
1701 1362 1783 1407 tri-

183 1428 328 1474 duum
358 1428 524 1490 facies3
551 1427 719 1473 deinde
746 1428 1015 1473 intermisso
1046 1427 1219 1490 triduo,
1249 1429 1341 1474 nisi
1371 1430 1527 1475 statim
1551 1430 1789 1491 expulerit·

183 1497 434 1560 calculum,
487 1497 701 1544 similiter
745 1496 1005 1544 remedium
1059 1503 1105 1544 et
1149 1499 1191 1543 si
1233 1512 1426 1545 necesse
1471 1499 1632 1563 fuerit,
1685 1515 1782 1548 sae-

182 1569 288 1629 pius
319 1567 465 1614 dabis.
1806 1582 1847 1614 20

322 1637 492 1684 Felicis
537 1636 764 1698 radicem,
809 1638 1020 1698 asparagi
1065 1638 1314 1700 sfongiam‚
1359 1640 1451 1699 apii
1494 1639 1700 1687 radicem
1738 1647 1786 1688 et

182 1707 507 1770 petresilinum
540 1706 680 1753 simul
710 1706 959 1768 diligenter
989 1713 1115 1754 teres
1146 1714 1192 1754 et
1222 1709 1379 1754 ieiuno
1411 1708 1645 1757 calculoso
1676 1725 1784 1758 cum

184 1780 288 1825 vino
328 1777 459 1824 dabis
497 1776 767 1825 bibendum.
819 1776 974 1823 Violae
1013 1779 1239 1824 erraticae
1277 1780 1481 1825 rusticae
1518 1781 1699 1828 radices
1738 1787 1784 1827 et

182 1850 275 1910 apii
320 1854 366 1895 et
410 1847 557 1894 violae
595 1848 867 1894 coronariae
913 1861 1072 1894 semen
1119 1862 1209 1894 una
1247 1850 1448 1895 contrita
1486 1855 1533 1896 et
1570 1866 1626 1898 ex
1665 1865 1784 1913 aqua

182 1918 329 1965 calida
373 1933 397 1964 a
443 1917 625 1964 balineo
672 1919 895 1964 continuo
948 1919 1081 1978 potui
1133 1917 1286 1965 oblata
1338 1918 1524 1966 dolores
1577 1922 1782 1968 vessicae
1807 1932 1848 1965 25

181 1990 274 2035 cito
312 1987 519 2049 abigunt.

323 2057 462 2119 Lapis
501 2072 558 2104 ex
595 2059 774 2104 vessica
810 2057 1014 2104 hominis
1053 2057 1260 2118 qualibet
1298 2060 1539 2106 curatione
1571 2059 1782 2107 sublatus

182 2129 223 2174 si
258 2134 440 2175 teratur
479 2134 525 2174 et
562 2142 617 2173 ex
656 2129 752 2174 vini
789 2127 969 2189 cyathis
1005 2127 1159 2174 tribus
1197 2128 1427 2175 calculoso
1465 2132 1599 2190 potui
1630 2130 1781 2193 detur,

180 2198 357 2260 lapides
395 2199 600 2244 vessicae
633 2197 863 2244 humanae
896 2199 1081 2244 innatos
1113 2198 1365 2245 efficaciter
1397 2198 1649 2246 dissolvere
1682 2215 1780 2247 cre-

189 2268 328 2327 ditur.
389 2268 548 2315 Cimex
585 2267 893 2315 foraminibus
934 2274 1225 2315 veretrorum
1256 2268 1539 2316 confricatus
1571 2269 1780 2317 dolorem
1800 2281 1844 2314 30

190 2340 395 2385 vessicae
433 2339 649 2399 protinus
687 2337 819 2386 tollit.
874 2337 1062 2385 Vessica
1099 2340 1202 2399 apri
1237 2344 1365 2385 recte
1403 2338 1649 2386 adversum
1681 2354 1780 2387 ves-

183 2410 305 2455 sicae
344 2408 528 2455 dolores
567 2409 614 2454 in
654 2407 758 2454 cibo
797 2410 1020 2469 sumitur,
1058 2409 1122 2455 ita
1159 2414 1211 2454 ut
1251 2408 1420 2455 mulier
1458 2409 1671 2471 feminae,
1709 2412 1780 2457 vir

189 2478 386 2525 masculi
423 2485 587 2525 sumat.
644 2477 946 2525 Nasturcinm
977 2479 1140 2524 tritum
1172 2492 1279 2524 cum
1309 2479 1414 2524 vino
1446 2478 1573 2526 dulci
1603 2479 1778 2527 cibario

181 2548 312 2594 dabis
343 2550 549 2595 vessicae
580 2548 733 2595 taedio
763 2548 994 2595 laboranti
1023 2562 1108 2608 per
1137 2547 1348 2594 triduum
1374 2551 1519 2611 potui,
1551 2549 1633 2596 sed
1665 2552 1778 2598 satis

324 2713 344 2749 1
377 2708 472 2762 igni
497 2710 750 2752 Coo-narius.
828 2713 878 2751 15
902 2709 1094 2763 prindes.
1174 2713 1226 2750 21
1252 2710 1418 2764 aspagi.
1495 2714 1548 2753 26
1572 2711 1775 2767 abigunt]

179 2764 357 2806 abeunt.
474 2770 526 2806 33
559 2768 836 2808 summamat.
951 2763 1227 2808 nastortium.
