<?xml version="1.0" encoding="UTF-8"?>
<!DOCTYPE html PUBLIC "-//W3C//DTD XHTML 1.0 Transitional//EN"
    "http://www.w3.org/TR/xhtml1/DTD/xhtml1-transitional.dtd">
<html xmlns="http://www.w3.org/1999/xhtml" xml:lang="en" lang="en">
 <head>
  <title>
</title>
<meta http-equiv="Content-Type" content="text/html;charset=utf-8" />
  <meta name='ocr-system' content='tesseract 3.04.00' />
  <meta name='ocr-capabilities' content='ocr_page ocr_carea ocr_par ocr_line ocrx_word'/>
</head>
<body>
  <div class='ocr_page' id='page_1' title='image "./demedicamentisli00marcuoft_0352.png"; bbox 0 0 1930 3008; ppageno 0'>
   <div class='ocr_carea' id='block_1_1' title="bbox 160 253 213 291">
    <p class='ocr_par' dir='ltr' id='par_1_1' title="bbox 160 253 213 291">
     <span class='ocr_line' id='line_1_1' title="bbox 160 253 213 291; baseline 0.019 -1"><span class='ocrx_word' id='word_1_1' title='bbox 160 253 213 291; x_wconf 85' lang='lat'>49</span> 
     </span>
    </p>
   </div>
   <div class='ocr_carea' id='block_1_2' title="bbox 159 880 212 918">
    <p class='ocr_par' dir='ltr' id='par_1_2' title="bbox 159 880 212 918">
     <span class='ocr_line' id='line_1_2' title="bbox 159 880 212 918; baseline 0 0"><span class='ocrx_word' id='word_1_2' title='bbox 159 880 212 918; x_wconf 84' lang='lat'>50</span> 
     </span>
    </p>
   </div>
   <div class='ocr_carea' id='block_1_3' title="bbox 161 1159 214 1197">
    <p class='ocr_par' dir='ltr' id='par_1_3' title="bbox 161 1159 214 1197">
     <span class='ocr_line' id='line_1_3' title="bbox 161 1159 214 1197; baseline 0 0"><span class='ocrx_word' id='word_1_3' title='bbox 161 1159 214 1197; x_wconf 82' lang='lat'>51</span> 
     </span>
    </p>
   </div>
   <div class='ocr_carea' id='block_1_4' title="bbox 158 1577 211 1616">
    <p class='ocr_par' dir='ltr' id='par_1_4' title="bbox 158 1577 211 1616">
     <span class='ocr_line' id='line_1_4' title="bbox 158 1577 211 1616; baseline 0 0"><span class='ocrx_word' id='word_1_4' title='bbox 158 1577 211 1616; x_wconf 80' lang='lat'>52</span> 
     </span>
    </p>
   </div>
   <div class='ocr_carea' id='block_1_5' title="bbox 187 2760 211 2797">
    <p class='ocr_par' dir='ltr' id='par_1_5' title="bbox 187 2760 211 2797">
     <span class='ocr_line' id='line_1_5' title="bbox 187 2760 211 2797; baseline 0 0"><span class='ocrx_word' id='word_1_5' title='bbox 187 2760 211 2797; x_wconf 79' lang='lat'><strong>2</strong></span> 
     </span>
    </p>
   </div>
   <div class='ocr_carea' id='block_1_6' title="bbox 863 84 1319 165">
    <p class='ocr_par' dir='ltr' id='par_1_6' title="bbox 863 84 1319 165">
     <span class='ocr_line' id='line_1_6' title="bbox 863 84 1319 165; baseline -0.004 0"><span class='ocrx_word' id='word_1_6' title='bbox 863 84 1319 165; x_wconf 53' lang='lat'><strong>-340-‘</strong></span> 
     </span>
    </p>
   </div>
   <div class='ocr_carea' id='block_1_7' title="bbox 240 241 1905 1768">
    <p class='ocr_par' dir='ltr' id='par_1_7' title="bbox 242 241 1884 862">
     <span class='ocr_line' id='line_1_7' title="bbox 386 241 1843 305; baseline 0.001 -17"><span class='ocrx_word' id='word_1_7' title='bbox 386 243 687 303; x_wconf 82' lang='lat' dir='ltr'>Apostemata</span> <span class='ocrx_word' id='word_1_8' title='bbox 724 249 777 288; x_wconf 89' lang='lat' dir='ltr'>ut</span> <span class='ocrx_word' id='word_1_9' title='bbox 812 242 1136 289; x_wconf 86' lang='lat' dir='ltr'>remolliantur</span> <span class='ocrx_word' id='word_1_10' title='bbox 1174 248 1254 288; x_wconf 89' lang='lat' dir='ltr'>aut</span> <span class='ocrx_word' id='word_1_11' title='bbox 1291 243 1333 288; x_wconf 90' lang='lat' dir='ltr'>si</span> <span class='ocrx_word' id='word_1_12' title='bbox 1369 241 1522 289; x_wconf 88' lang='lat' dir='ltr'>mollia</span> <span class='ocrx_word' id='word_1_13' title='bbox 1560 243 1749 305; x_wconf 88' lang='lat' dir='ltr'>fuerint,</span> <span class='ocrx_word' id='word_1_14' title='bbox 1789 250 1843 290; x_wconf 90' lang='lat' dir='ltr'>ut</span> 
     </span>
     <span class='ocr_line' id='line_1_8' title="bbox 245 311 1841 375; baseline 0.001 -17"><span class='ocrx_word' id='word_1_15' title='bbox 245 313 595 375; x_wconf 83' lang='lat' dir='ltr'>dispargantur,</span> <span class='ocrx_word' id='word_1_16' title='bbox 641 313 781 359; x_wconf 87' lang='lat' dir='ltr'>facies</span> <span class='ocrx_word' id='word_1_17' title='bbox 818 312 1210 358; x_wconf 80' lang='lat' dir='ltr'>medicamentum</span> <span class='ocrx_word' id='word_1_18' title='bbox 1246 311 1359 374; x_wconf 90' lang='lat' dir='ltr'>tale,</span> <span class='ocrx_word' id='word_1_19' title='bbox 1398 326 1489 373; x_wconf 91' lang='lat' dir='ltr'>quo</span> <span class='ocrx_word' id='word_1_20' title='bbox 1527 312 1644 359; x_wconf 90' lang='lat' dir='ltr'>nihil</span> <span class='ocrx_word' id='word_1_21' title='bbox 1679 319 1841 374; x_wconf 89' lang='lat' dir='ltr'>poten-</span> 
     </span>
     <span class='ocr_line' id='line_1_9' title="bbox 244 381 1843 429; baseline 0 0"><span class='ocrx_word' id='word_1_22' title='bbox 244 384 338 429; x_wconf 86' lang='lat' dir='ltr'>tius</span> <span class='ocrx_word' id='word_1_23' title='bbox 384 388 477 429; x_wconf 87' lang='lat' dir='ltr'>est:</span> <span class='ocrx_word' id='word_1_24' title='bbox 529 381 712 428; x_wconf 91' lang='lat' dir='ltr'>Herbae</span> <span class='ocrx_word' id='word_1_25' title='bbox 757 381 986 428; x_wconf 89' lang='lat' dir='ltr'>marrubii</span> <span class='ocrx_word' id='word_1_26' title='bbox 1031 381 1138 427; x_wconf 89' lang='lat' dir='ltr'>folia</span> <span class='ocrx_word' id='word_1_27' title='bbox 1183 381 1347 427; x_wconf 86' lang='lat' dir='ltr'>viridia</span> <span class='ocrx_word' id='word_1_28' title='bbox 1389 381 1648 428; x_wconf 87' lang='lat' dir='ltr'>contundes</span> <span class='ocrx_word' id='word_1_29' title='bbox 1685 388 1765 429; x_wconf 89' lang='lat' dir='ltr'>aut</span> <span class='ocrx_word' id='word_1_30' title='bbox 1801 384 1843 429; x_wconf 92' lang='lat' dir='ltr'>si</span> 
     </span>
     <span class='ocr_line' id='line_1_10' title="bbox 244 450 1840 514; baseline 0.001 -16"><span class='ocrx_word' id='word_1_31' title='bbox 244 452 408 498; x_wconf 90' lang='lat' dir='ltr'>viridia</span> <span class='ocrx_word' id='word_1_32' title='bbox 447 466 541 498; x_wconf 90' lang='lat' dir='ltr'>non</span> <span class='ocrx_word' id='word_1_33' title='bbox 579 452 770 514; x_wconf 85' lang='lat' dir='ltr'>fuerint,</span> <span class='ocrx_word' id='word_1_34' title='bbox 806 450 1012 497; x_wconf 87' lang='lat' dir='ltr'>involuta</span> <span class='ocrx_word' id='word_1_35' title='bbox 1051 451 1173 497; x_wconf 91' lang='lat' dir='ltr'>foliis</span> <span class='ocrx_word' id='word_1_36' title='bbox 1210 451 1384 497; x_wconf 87' lang='lat' dir='ltr'>malvae</span> <span class='ocrx_word' id='word_1_37' title='bbox 1422 451 1494 497; x_wconf 87' lang='lat' dir='ltr'>vel</span> <span class='ocrx_word' id='word_1_38' title='bbox 1529 466 1840 512; x_wconf 85' lang='lat' dir='ltr'>personaceae</span> 
     </span>
     <span class='ocr_line' id='line_1_11' title="bbox 244 520 1884 582; baseline -0.001 -14"><span class='ocrx_word' id='word_1_39' title='bbox 244 521 331 568; x_wconf 88' lang='lat' dir='ltr'>sub</span> <span class='ocrx_word' id='word_1_40' title='bbox 377 524 535 568; x_wconf 90' lang='lat' dir='ltr'>cinere</span> <span class='ocrx_word' id='word_1_41' title='bbox 582 521 730 568; x_wconf 92' lang='lat' dir='ltr'>calido</span> <span class='ocrx_word' id='word_1_42' title='bbox 776 535 970 582; x_wconf 83' lang='lat' dir='ltr'>coques3</span> <span class='ocrx_word' id='word_1_43' title='bbox 1016 520 1183 567; x_wconf 91' lang='lat' dir='ltr'>deinde</span> <span class='ocrx_word' id='word_1_44' title='bbox 1228 535 1394 581; x_wconf 90' lang='lat' dir='ltr'>panem</span> <span class='ocrx_word' id='word_1_45' title='bbox 1437 521 1684 568; x_wconf 90' lang='lat' dir='ltr'>candidum</span> <span class='ocrx_word' id='word_1_46' title='bbox 1719 522 1884 569; x_wconf 79' lang='lat' dir='ltr'>insu-5</span> 
     </span>
     <span class='ocr_line' id='line_1_12' title="bbox 244 590 1840 652; baseline 0.001 -15"><span class='ocrx_word' id='word_1_47' title='bbox 244 606 349 638; x_wconf 88' lang='lat' dir='ltr'>sum</span> <span class='ocrx_word' id='word_1_48' title='bbox 387 594 492 637; x_wconf 91' lang='lat' dir='ltr'>vino</span> <span class='ocrx_word' id='word_1_49' title='bbox 531 593 681 637; x_wconf 89' lang='lat' dir='ltr'>veteri</span> <span class='ocrx_word' id='word_1_50' title='bbox 717 590 859 637; x_wconf 88' lang='lat' dir='ltr'>addes</span> <span class='ocrx_word' id='word_1_51' title='bbox 897 596 943 636; x_wconf 90' lang='lat' dir='ltr'>et</span> <span class='ocrx_word' id='word_1_52' title='bbox 977 593 1222 652; x_wconf 81' lang='lat' dir='ltr'>axungiam</span> <span class='ocrx_word' id='word_1_53' title='bbox 1253 590 1474 637; x_wconf 84' lang='lat' dir='ltr'>miscebis</span> <span class='ocrx_word' id='word_1_54' title='bbox 1506 598 1552 637; x_wconf 88' lang='lat' dir='ltr'>et</span> <span class='ocrx_word' id='word_1_55' title='bbox 1581 591 1751 638; x_wconf 87' lang='lat' dir='ltr'>tundes</span> <span class='ocrx_word' id='word_1_56' title='bbox 1782 592 1840 638; x_wconf 90' lang='lat' dir='ltr'>de</span> 
     </span>
     <span class='ocr_line' id='line_1_13' title="bbox 242 659 1843 723; baseline 0.001 -16"><span class='ocrx_word' id='word_1_57' title='bbox 242 661 368 722; x_wconf 88' lang='lat' dir='ltr'>ligno</span> <span class='ocrx_word' id='word_1_58' title='bbox 414 663 463 707; x_wconf 90' lang='lat' dir='ltr'>in</span> <span class='ocrx_word' id='word_1_59' title='bbox 509 660 660 722; x_wconf 88' lang='lat' dir='ltr'>lignea</span> <span class='ocrx_word' id='word_1_60' title='bbox 703 660 817 723; x_wconf 90' lang='lat' dir='ltr'>pila,</span> <span class='ocrx_word' id='word_1_61' title='bbox 868 660 948 706; x_wconf 91' lang='lat' dir='ltr'>sed</span> <span class='ocrx_word' id='word_1_62' title='bbox 995 659 1287 721; x_wconf 84' lang='lat' dir='ltr'>observabis,</span> <span class='ocrx_word' id='word_1_63' title='bbox 1333 666 1386 706; x_wconf 90' lang='lat' dir='ltr'>ut</span> <span class='ocrx_word' id='word_1_64' title='bbox 1430 662 1563 721; x_wconf 90' lang='lat' dir='ltr'>panis</span> <span class='ocrx_word' id='word_1_65' title='bbox 1607 661 1747 708; x_wconf 85' lang='lat' dir='ltr'>infusi</span> <span class='ocrx_word' id='word_1_66' title='bbox 1795 668 1843 708; x_wconf 88' lang='lat' dir='ltr'>et</span> 
     </span>
     <span class='ocr_line' id='line_1_14' title="bbox 243 729 1840 793; baseline 0.001 -16"><span class='ocrx_word' id='word_1_67' title='bbox 243 732 470 791; x_wconf 85' lang='lat' dir='ltr'>axungiae</span> <span class='ocrx_word' id='word_1_68' title='bbox 496 738 653 791; x_wconf 83' lang='lat' dir='ltr'>partes</span> <span class='ocrx_word' id='word_1_69' title='bbox 679 729 886 791; x_wconf 89' lang='lat' dir='ltr'>singulae</span> <span class='ocrx_word' id='word_1_70' title='bbox 911 731 1018 792; x_wconf 89' lang='lat' dir='ltr'>sint,</span> <span class='ocrx_word' id='word_1_71' title='bbox 1047 729 1220 776; x_wconf 81' lang='lat' dir='ltr'>herbae</span> <span class='ocrx_word' id='word_1_72' title='bbox 1244 744 1354 776; x_wconf 91' lang='lat' dir='ltr'>vero</span> <span class='ocrx_word' id='word_1_73' title='bbox 1377 736 1534 791; x_wconf 86' lang='lat' dir='ltr'>partes</span> <span class='ocrx_word' id='word_1_74' title='bbox 1558 730 1690 793; x_wconf 87' lang='lat' dir='ltr'>duae,</span> <span class='ocrx_word' id='word_1_75' title='bbox 1715 730 1840 792; x_wconf 87' lang='lat' dir='ltr'>quod</span> 
     </span>
     <span class='ocr_line' id='line_1_15' title="bbox 243 799 1784 862; baseline 0.001 -16"><span class='ocrx_word' id='word_1_76' title='bbox 243 800 484 862; x_wconf 84' lang='lat' dir='ltr'>emplastri</span> <span class='ocrx_word' id='word_1_77' title='bbox 521 815 651 846; x_wconf 91' lang='lat' dir='ltr'>more</span> <span class='ocrx_word' id='word_1_78' title='bbox 689 815 824 847; x_wconf 89' lang='lat' dir='ltr'>mane</span> <span class='ocrx_word' id='word_1_79' title='bbox 862 806 909 846; x_wconf 89' lang='lat' dir='ltr'>et</span> <span class='ocrx_word' id='word_1_80' title='bbox 946 814 1052 846; x_wconf 91' lang='lat' dir='ltr'>sero</span> <span class='ocrx_word' id='word_1_81' title='bbox 1091 799 1205 846; x_wconf 92' lang='lat' dir='ltr'>locis</span> <span class='ocrx_word' id='word_1_82' title='bbox 1244 802 1521 846; x_wconf 87' lang='lat' dir='ltr'>necessariis</span> <span class='ocrx_word' id='word_1_83' title='bbox 1558 802 1784 861; x_wconf 85' lang='lat' dir='ltr'>imponeS.</span> 
     </span>
    </p>

    <p class='ocr_par' dir='ltr' id='par_1_8' title="bbox 243 869 1905 1141">
     <span class='ocr_line' id='line_1_16' title="bbox 387 869 1905 931; baseline -0.001 -15"><span class='ocrx_word' id='word_1_84' title='bbox 387 870 662 931; x_wconf 89' lang='lat' dir='ltr'>Inguinibus</span> <span class='ocrx_word' id='word_1_85' title='bbox 691 869 902 917; x_wconf 84' lang='lat' dir='ltr'>mirabile</span> <span class='ocrx_word' id='word_1_86' title='bbox 926 869 1114 916; x_wconf 88' lang='lat' dir='ltr'>exhibet</span> <span class='ocrx_word' id='word_1_87' title='bbox 1136 870 1395 916; x_wconf 90' lang='lat' dir='ltr'>remedium</span> <span class='ocrx_word' id='word_1_88' title='bbox 1420 884 1476 916; x_wconf 84' lang='lat' dir='ltr'>ex</span> <span class='ocrx_word' id='word_1_89' title='bbox 1499 870 1750 930; x_wconf 89' lang='lat' dir='ltr'>gallinacea</span> <span class='ocrx_word' id='word_1_90' title='bbox 1773 869 1843 916; x_wconf 89' lang='lat' dir='ltr'>ala</span> <span class='ocrx_word' id='word_1_91' title='bbox 1865 883 1905 914; x_wconf 93' lang='lat'>10</span> 
     </span>
     <span class='ocr_line' id='line_1_17' title="bbox 246 939 1843 1002; baseline 0.001 -17"><span class='ocrx_word' id='word_1_92' title='bbox 246 940 500 987; x_wconf 84' lang='lat' dir='ltr'>ossiculum</span> <span class='ocrx_word' id='word_1_93' title='bbox 534 945 795 987; x_wconf 86' lang='lat' dir='ltr'>extremum</span> <span class='ocrx_word' id='word_1_94' title='bbox 830 939 1059 986; x_wconf 91' lang='lat' dir='ltr'>cocleario</span> <span class='ocrx_word' id='word_1_95' title='bbox 1090 939 1380 986; x_wconf 89' lang='lat' dir='ltr'>terebratum</span> <span class='ocrx_word' id='word_1_96' title='bbox 1409 939 1638 1000; x_wconf 89' lang='lat' dir='ltr'>nodisque</span> <span class='ocrx_word' id='word_1_97' title='bbox 1663 946 1843 1002; x_wconf 86' lang='lat' dir='ltr'>septem</span> 
     </span>
     <span class='ocr_line' id='line_1_18' title="bbox 244 1009 1842 1072; baseline 0 -16"><span class='ocrx_word' id='word_1_98' title='bbox 244 1010 351 1056; x_wconf 91' lang='lat' dir='ltr'>licio</span> <span class='ocrx_word' id='word_1_99' title='bbox 390 1010 584 1070; x_wconf 86' lang='lat' dir='ltr'>ligatum</span> <span class='ocrx_word' id='word_1_100' title='bbox 622 1016 761 1071; x_wconf 88' lang='lat' dir='ltr'>atque</span> <span class='ocrx_word' id='word_1_101' title='bbox 798 1011 863 1055; x_wconf 88' lang='lat' dir='ltr'>ita</span> <span class='ocrx_word' id='word_1_102' title='bbox 900 1009 1090 1055; x_wconf 87' lang='lat' dir='ltr'>brachio</span> <span class='ocrx_word' id='word_1_103' title='bbox 1129 1009 1200 1056; x_wconf 92' lang='lat' dir='ltr'>vel</span> <span class='ocrx_word' id='word_1_104' title='bbox 1235 1010 1365 1056; x_wconf 86' lang='lat' dir='ltr'>cruri</span> <span class='ocrx_word' id='word_1_105' title='bbox 1395 1011 1496 1055; x_wconf 90' lang='lat' dir='ltr'>eius</span> <span class='ocrx_word' id='word_1_106' title='bbox 1526 1011 1686 1072; x_wconf 88' lang='lat' dir='ltr'>partis,</span> <span class='ocrx_word' id='word_1_107' title='bbox 1724 1024 1842 1071; x_wconf 89' lang='lat' dir='ltr'>quae</span> 
     </span>
     <span class='ocr_line' id='line_1_19' title="bbox 243 1079 959 1141; baseline -0.001 -16"><span class='ocrx_word' id='word_1_108' title='bbox 243 1081 436 1141; x_wconf 85' lang='lat' dir='ltr'>inguina</span> <span class='ocrx_word' id='word_1_109' title='bbox 472 1079 628 1141; x_wconf 88' lang='lat' dir='ltr'>habet,</span> <span class='ocrx_word' id='word_1_110' title='bbox 666 1093 959 1140; x_wconf 90' lang='lat' dir='ltr'>suspensum.</span> 
     </span>
    </p>

    <p class='ocr_par' dir='ltr' id='par_1_9' title="bbox 240 1147 1905 1544">
     <span class='ocr_line' id='line_1_20' title="bbox 388 1147 1841 1211; baseline 0 -16"><span class='ocrx_word' id='word_1_111' title='bbox 388 1149 555 1210; x_wconf 86' lang='lat' dir='ltr'>Lipara</span> <span class='ocrx_word' id='word_1_112' title='bbox 587 1149 642 1195; x_wconf 91' lang='lat' dir='ltr'>ad</span> <span class='ocrx_word' id='word_1_113' title='bbox 673 1151 993 1208; x_wconf 85' lang='lat' dir='ltr'>intertrigines</span> <span class='ocrx_word' id='word_1_114' title='bbox 1025 1150 1113 1194; x_wconf 89' lang='lat' dir='ltr'>sic:</span> <span class='ocrx_word' id='word_1_115' title='bbox 1151 1147 1391 1210; x_wconf 89' lang='lat' dir='ltr'>Cerussae,</span> <span class='ocrx_word' id='word_1_116' title='bbox 1426 1162 1617 1209; x_wconf 87' lang='lat' dir='ltr'>spumae</span> <span class='ocrx_word' id='word_1_117' title='bbox 1647 1150 1841 1211; x_wconf 85' lang='lat' dir='ltr'>argenti,</span> 
     </span>
     <span class='ocr_line' id='line_1_21' title="bbox 244 1217 1905 1281; baseline -0.001 -16"><span class='ocrx_word' id='word_1_118' title='bbox 244 1218 475 1265; x_wconf 85' lang='lat' dir='ltr'>medullae</span> <span class='ocrx_word' id='word_1_119' title='bbox 507 1220 735 1281; x_wconf 85' lang='lat' dir='ltr'>cervinae,</span> <span class='ocrx_word' id='word_1_120' title='bbox 767 1220 865 1264; x_wconf 89' lang='lat' dir='ltr'>sevi</span> <span class='ocrx_word' id='word_1_121' title='bbox 896 1219 1071 1264; x_wconf 89' lang='lat' dir='ltr'>cervini</span> <span class='ocrx_word' id='word_1_122' title='bbox 1101 1217 1245 1263; x_wconf 87' lang='lat' dir='ltr'>libras</span> <span class='ocrx_word' id='word_1_123' title='bbox 1270 1217 1487 1279; x_wconf 90' lang='lat' dir='ltr'>singulas,</span> <span class='ocrx_word' id='word_1_124' title='bbox 1517 1232 1712 1265; x_wconf 91' lang='lat' dir='ltr'>ovorum</span> <span class='ocrx_word' id='word_1_125' title='bbox 1735 1224 1840 1265; x_wconf 90' lang='lat' dir='ltr'>octo</span> <span class='ocrx_word' id='word_1_126' title='bbox 1864 1231 1905 1263; x_wconf 84' lang='lat'>15</span> 
     </span>
     <span class='ocr_line' id='line_1_22' title="bbox 244 1287 1841 1350; baseline 0.001 -16"><span class='ocrx_word' id='word_1_127' title='bbox 244 1288 415 1350; x_wconf 89' lang='lat' dir='ltr'>album,</span> <span class='ocrx_word' id='word_1_128' title='bbox 454 1289 550 1334; x_wconf 91' lang='lat' dir='ltr'>vini</span> <span class='ocrx_word' id='word_1_129' title='bbox 589 1287 699 1334; x_wconf 90' lang='lat' dir='ltr'>boni</span> <span class='ocrx_word' id='word_1_130' title='bbox 731 1289 992 1349; x_wconf 87' lang='lat' dir='ltr'>quartarios</span> <span class='ocrx_word' id='word_1_131' title='bbox 1023 1287 1120 1349; x_wconf 93' lang='lat' dir='ltr'>lIlI,</span> <span class='ocrx_word' id='word_1_132' title='bbox 1150 1289 1271 1334; x_wconf 89' lang='lat' dir='ltr'>turis</span> <span class='ocrx_word' id='word_1_133' title='bbox 1301 1287 1489 1348; x_wconf 90' lang='lat' dir='ltr'>pollinis</span> <span class='ocrx_word' id='word_1_134' title='bbox 1518 1289 1679 1334; x_wconf 86' lang='lat' dir='ltr'>uncias</span> <span class='ocrx_word' id='word_1_135' title='bbox 1711 1295 1841 1349; x_wconf 88' lang='lat' dir='ltr'>quat-</span> 
     </span>
     <span class='ocr_line' id='line_1_23' title="bbox 243 1357 1841 1421; baseline 0 -17"><span class='ocrx_word' id='word_1_136' title='bbox 243 1365 365 1421; x_wconf 86' lang='lat' dir='ltr'>tuor,</span> <span class='ocrx_word' id='word_1_137' title='bbox 391 1371 525 1404; x_wconf 87' lang='lat' dir='ltr'>rosae</span> <span class='ocrx_word' id='word_1_138' title='bbox 550 1357 809 1419; x_wconf 88' lang='lat' dir='ltr'>Campanae</span> <span class='ocrx_word' id='word_1_139' title='bbox 833 1358 882 1404; x_wconf 88' lang='lat' dir='ltr'>P.</span> <span class='ocrx_word' id='word_1_140' title='bbox 907 1372 1068 1420; x_wconf 91' lang='lat' dir='ltr'>unum,</span> <span class='ocrx_word' id='word_1_141' title='bbox 1092 1357 1307 1404; x_wconf 88' lang='lat' dir='ltr'>aluminis</span> <span class='ocrx_word' id='word_1_142' title='bbox 1331 1360 1628 1405; x_wconf 88' lang='lat' dir='ltr'>semunciam.</span> <span class='ocrx_word' id='word_1_143' title='bbox 1675 1357 1841 1404; x_wconf 90' lang='lat' dir='ltr'>Cerus-</span> 
     </span>
     <span class='ocr_line' id='line_1_24' title="bbox 243 1428 1839 1488; baseline 0 -14"><span class='ocrx_word' id='word_1_144' title='bbox 243 1442 342 1474; x_wconf 91' lang='lat' dir='ltr'>sam</span> <span class='ocrx_word' id='word_1_145' title='bbox 389 1434 435 1474; x_wconf 90' lang='lat' dir='ltr'>et</span> <span class='ocrx_word' id='word_1_146' title='bbox 481 1442 691 1488; x_wconf 86' lang='lat' dir='ltr'>spumam</span> <span class='ocrx_word' id='word_1_147' title='bbox 737 1428 928 1488; x_wconf 84' lang='lat' dir='ltr'>tundeS,</span> <span class='ocrx_word' id='word_1_148' title='bbox 978 1433 1133 1474; x_wconf 89' lang='lat' dir='ltr'>cetera</span> <span class='ocrx_word' id='word_1_149' title='bbox 1177 1429 1389 1474; x_wconf 85' lang='lat' dir='ltr'>remittes</span> <span class='ocrx_word' id='word_1_150' title='bbox 1435 1434 1481 1474; x_wconf 89' lang='lat' dir='ltr'>et</span> <span class='ocrx_word' id='word_1_151' title='bbox 1524 1429 1573 1474; x_wconf 93' lang='lat' dir='ltr'>in</span> <span class='ocrx_word' id='word_1_152' title='bbox 1617 1429 1839 1474; x_wconf 88' lang='lat' dir='ltr'>mortario</span> 
     </span>
     <span class='ocr_line' id='line_1_25' title="bbox 240 1497 967 1544; baseline 0.001 -1"><span class='ocrx_word' id='word_1_153' title='bbox 240 1498 439 1544; x_wconf 91' lang='lat' dir='ltr'>terendo</span> <span class='ocrx_word' id='word_1_154' title='bbox 479 1499 695 1544; x_wconf 89' lang='lat' dir='ltr'>universa</span> <span class='ocrx_word' id='word_1_155' title='bbox 733 1497 967 1544; x_wconf 90' lang='lat' dir='ltr'>miscebis.</span> 
     </span>
    </p>

    <p class='ocr_par' dir='ltr' id='par_1_10' title="bbox 241 1567 1903 1768">
     <span class='ocr_line' id='line_1_26' title="bbox 383 1567 1903 1628; baseline -0.001 -16"><span class='ocrx_word' id='word_1_156' title='bbox 383 1567 677 1628; x_wconf 88' lang='lat' dir='ltr'>Porriginem</span> <span class='ocrx_word' id='word_1_157' title='bbox 714 1568 1067 1628; x_wconf 84' lang='lat' dir='ltr'>intertriginum</span> <span class='ocrx_word' id='word_1_158' title='bbox 1105 1567 1360 1613; x_wconf 88' lang='lat' dir='ltr'>interficies</span> <span class='ocrx_word' id='word_1_159' title='bbox 1391 1567 1480 1613; x_wconf 95' lang='lat' dir='ltr'>hoc</span> <span class='ocrx_word' id='word_1_160' title='bbox 1511 1567 1838 1615; x_wconf 89' lang='lat' dir='ltr'>medicamine:</span> <span class='ocrx_word' id='word_1_161' title='bbox 1862 1581 1903 1611; x_wconf 82' lang='lat'>20</span> 
     </span>
     <span class='ocr_line' id='line_1_27' title="bbox 242 1637 1841 1699; baseline 0 -16"><span class='ocrx_word' id='word_1_162' title='bbox 242 1637 381 1698; x_wconf 87' lang='lat' dir='ltr'>Picis,</span> <span class='ocrx_word' id='word_1_163' title='bbox 421 1638 618 1699; x_wconf 86' lang='lat' dir='ltr'>resinae,</span> <span class='ocrx_word' id='word_1_164' title='bbox 658 1652 807 1699; x_wconf 88' lang='lat' dir='ltr'>cerae,</span> <span class='ocrx_word' id='word_1_165' title='bbox 844 1637 1017 1698; x_wconf 86' lang='lat' dir='ltr'>butyri,</span> <span class='ocrx_word' id='word_1_166' title='bbox 1056 1637 1154 1682; x_wconf 90' lang='lat' dir='ltr'>sevi</span> <span class='ocrx_word' id='word_1_167' title='bbox 1191 1638 1391 1699; x_wconf 89' lang='lat' dir='ltr'>caprini,</span> <span class='ocrx_word' id='word_1_168' title='bbox 1430 1651 1621 1697; x_wconf 88' lang='lat' dir='ltr'>spumae</span> <span class='ocrx_word' id='word_1_169' title='bbox 1659 1639 1841 1698; x_wconf 90' lang='lat' dir='ltr'>argenti</span> 
     </span>
     <span class='ocr_line' id='line_1_28' title="bbox 241 1706 1700 1768; baseline 0.001 -16"><span class='ocrx_word' id='word_1_170' title='bbox 241 1708 395 1753; x_wconf 91' lang='lat' dir='ltr'>unciis</span> <span class='ocrx_word' id='word_1_171' title='bbox 434 1706 630 1767; x_wconf 88' lang='lat' dir='ltr'>singulis</span> <span class='ocrx_word' id='word_1_172' title='bbox 667 1709 716 1753; x_wconf 90' lang='lat' dir='ltr'>in</span> <span class='ocrx_word' id='word_1_173' title='bbox 754 1722 900 1754; x_wconf 89' lang='lat' dir='ltr'>unum</span> <span class='ocrx_word' id='word_1_174' title='bbox 938 1707 1196 1768; x_wconf 85' lang='lat' dir='ltr'>permixtiS,</span> <span class='ocrx_word' id='word_1_175' title='bbox 1234 1708 1274 1752; x_wconf 93' lang='lat' dir='ltr'>si</span> <span class='ocrx_word' id='word_1_176' title='bbox 1311 1708 1458 1753; x_wconf 89' lang='lat' dir='ltr'>utaris</span> <span class='ocrx_word' id='word_1_177' title='bbox 1495 1706 1700 1753; x_wconf 89' lang='lat' dir='ltr'>adsidue.</span> 
     </span>
    </p>
   </div>
   <div class='ocr_carea' id='block_1_8' title="bbox 857 1859 1258 1907">
    <p class='ocr_par' dir='ltr' id='par_1_11' title="bbox 857 1859 1258 1907">
     <span class='ocr_line' id='line_1_29' title="bbox 857 1859 1258 1907; baseline -0.005 0"><span class='ocrx_word' id='word_1_178' title='bbox 857 1859 980 1907; x_wconf 89' lang='lat' dir='ltr'><strong>CAP.</strong></span> <span class='ocrx_word' id='word_1_179' title='bbox 1018 1859 1223 1906; x_wconf 86' lang='lat' dir='ltr'>XXXIII.</span> <span class='ocrx_word' id='word_1_180' title='bbox 1255 1884 1258 1887; x_wconf 45' lang='lat'><strong>⁴</strong></span> 
     </span>
    </p>
   </div>
   <div class='ocr_carea' id='block_1_9' title="bbox 241 1946 1839 2281">
    <p class='ocr_par' dir='ltr' id='par_1_12' title="bbox 241 1946 1839 2001">
     <span class='ocr_line' id='line_1_30' title="bbox 241 1946 1839 2001; baseline 0 -11"><span class='ocrx_word' id='word_1_181' title='bbox 241 1947 492 2001; x_wconf 81' lang='lat' dir='ltr'>cepariae</span> <span class='ocrx_word' id='word_1_182' title='bbox 538 1949 593 1990; x_wconf 92' lang='lat' dir='ltr'>et</span> <span class='ocrx_word' id='word_1_183' title='bbox 635 1950 848 1990; x_wconf 83' lang='lat' dir='ltr'>veretro</span> <span class='ocrx_word' id='word_1_184' title='bbox 887 1947 998 1989; x_wconf 91' lang='lat' dir='ltr'>sive</span> <span class='ocrx_word' id='word_1_185' title='bbox 1035 1947 1285 1990; x_wconf 86' lang='lat' dir='ltr'>verendis</span> <span class='ocrx_word' id='word_1_186' title='bbox 1321 1947 1569 1990; x_wconf 86' lang='lat' dir='ltr'>virilibus</span> <span class='ocrx_word' id='word_1_187' title='bbox 1606 1948 1660 1990; x_wconf 90' lang='lat' dir='ltr'>et</span> <span class='ocrx_word' id='word_1_188' title='bbox 1694 1946 1839 1990; x_wconf 87' lang='lat' dir='ltr'>testi-</span> 
     </span>
    </p>

    <p class='ocr_par' dir='ltr' id='par_1_13' title="bbox 241 2017 1838 2071">
     <span class='ocr_line' id='line_1_31' title="bbox 241 2017 1838 2071; baseline -0.001 -11"><span class='ocrx_word' id='word_1_189' title='bbox 241 2018 378 2060; x_wconf 84' lang='lat' dir='ltr'>culis</span> <span class='ocrx_word' id='word_1_190' title='bbox 423 2017 730 2061; x_wconf 80' lang='lat' dir='ltr'>dolentibus</span> <span class='ocrx_word' id='word_1_191' title='bbox 774 2017 863 2060; x_wconf 87' lang='lat' dir='ltr'>vel</span> <span class='ocrx_word' id='word_1_192' title='bbox 905 2017 1264 2071; x_wconf 78' lang='lat' dir='ltr'>pendentibus</span> <span class='ocrx_word' id='word_1_193' title='bbox 1315 2019 1370 2059; x_wconf 91' lang='lat' dir='ltr'>et</span> <span class='ocrx_word' id='word_1_194' title='bbox 1415 2017 1676 2060; x_wconf 87' lang='lat' dir='ltr'>herniosis</span> <span class='ocrx_word' id='word_1_195' title='bbox 1726 2017 1838 2060; x_wconf 84' lang='lat' dir='ltr'>sive</span> 
     </span>
    </p>

    <p class='ocr_par' dir='ltr' id='par_1_14' title="bbox 241 2086 1836 2130">
     <span class='ocr_line' id='line_1_32' title="bbox 241 2086 1836 2130; baseline -0.001 0"><span class='ocrx_word' id='word_1_196' title='bbox 241 2086 368 2130; x_wconf 81' lang='lat' dir='ltr'>viris</span> <span class='ocrx_word' id='word_1_197' title='bbox 413 2087 525 2130; x_wconf 88' lang='lat' dir='ltr'>sive</span> <span class='ocrx_word' id='word_1_198' title='bbox 569 2087 864 2130; x_wconf 84' lang='lat' dir='ltr'>infantibus</span> <span class='ocrx_word' id='word_1_199' title='bbox 909 2089 963 2129; x_wconf 92' lang='lat' dir='ltr'>et</span> <span class='ocrx_word' id='word_1_200' title='bbox 1006 2087 1170 2130; x_wconf 84' lang='lat' dir='ltr'>rebus</span> <span class='ocrx_word' id='word_1_201' title='bbox 1214 2086 1440 2130; x_wconf 84' lang='lat' dir='ltr'>veneriis</span> <span class='ocrx_word' id='word_1_202' title='bbox 1485 2089 1539 2129; x_wconf 88' lang='lat' dir='ltr'>et</span> <span class='ocrx_word' id='word_1_203' title='bbox 1575 2087 1836 2129; x_wconf 76' lang='lat' dir='ltr'>eunuchis</span> 
     </span>
    </p>

    <p class='ocr_par' dir='ltr' id='par_1_15' title="bbox 242 2156 1837 2281">
     <span class='ocr_line' id='line_1_33' title="bbox 242 2156 1837 2211; baseline -0.001 -11"><span class='ocrx_word' id='word_1_204' title='bbox 242 2157 354 2200; x_wconf 88' lang='lat' dir='ltr'>sine</span> <span class='ocrx_word' id='word_1_205' title='bbox 398 2157 546 2200; x_wconf 81' lang='lat' dir='ltr'>ferro</span> <span class='ocrx_word' id='word_1_206' title='bbox 591 2156 851 2200; x_wconf 81' lang='lat' dir='ltr'>faciendis</span> <span class='ocrx_word' id='word_1_207' title='bbox 886 2157 1123 2200; x_wconf 86' lang='lat' dir='ltr'>remedia</span> <span class='ocrx_word' id='word_1_208' title='bbox 1159 2156 1379 2211; x_wconf 80' lang='lat' dir='ltr'>physica</span> <span class='ocrx_word' id='word_1_209' title='bbox 1416 2158 1470 2199; x_wconf 89' lang='lat' dir='ltr'>et</span> <span class='ocrx_word' id='word_1_210' title='bbox 1506 2156 1837 2199; x_wconf 80' lang='lat' dir='ltr'>rationabilia</span> 
     </span>
     <span class='ocr_line' id='line_1_34' title="bbox 671 2225 1416 2281; baseline -0.001 -12"><span class='ocrx_word' id='word_1_211' title='bbox 671 2227 880 2270; x_wconf 84' lang='lat' dir='ltr'>diversa</span> <span class='ocrx_word' id='word_1_212' title='bbox 919 2228 985 2270; x_wconf 88' lang='lat' dir='ltr'>de</span> <span class='ocrx_word' id='word_1_213' title='bbox 1024 2225 1416 2281; x_wconf 84' lang='lat' dir='ltr'>experimentis.</span> 
     </span>
    </p>
   </div>
   <div class='ocr_carea' id='block_1_10' title="bbox 241 2333 1899 2813">
    <p class='ocr_par' dir='ltr' id='par_1_16' title="bbox 241 2333 1899 2743">
     <span class='ocr_line' id='line_1_35' title="bbox 381 2333 1835 2396; baseline -0.001 -17"><span class='ocrx_word' id='word_1_214' title='bbox 381 2333 449 2380; x_wconf 89' lang='lat' dir='ltr'>Ad</span> <span class='ocrx_word' id='word_1_215' title='bbox 493 2334 701 2381; x_wconf 87' lang='lat' dir='ltr'>testiculi</span> <span class='ocrx_word' id='word_1_216' title='bbox 745 2340 954 2381; x_wconf 89' lang='lat' dir='ltr'>tumores</span> <span class='ocrx_word' id='word_1_217' title='bbox 999 2336 1210 2396; x_wconf 88' lang='lat' dir='ltr'>cupressi</span> <span class='ocrx_word' id='word_1_218' title='bbox 1255 2334 1396 2380; x_wconf 88' lang='lat' dir='ltr'>bacae</span> <span class='ocrx_word' id='word_1_219' title='bbox 1441 2347 1495 2379; x_wconf 87' lang='lat' dir='ltr'>ex</span> <span class='ocrx_word' id='word_1_220' title='bbox 1533 2334 1639 2379; x_wconf 89' lang='lat' dir='ltr'>vino</span> <span class='ocrx_word' id='word_1_221' title='bbox 1677 2338 1835 2379; x_wconf 92' lang='lat' dir='ltr'>coctae</span> 
     </span>
     <span class='ocr_line' id='line_1_36' title="bbox 242 2401 1835 2465; baseline -0.001 -16"><span class='ocrx_word' id='word_1_222' title='bbox 242 2405 528 2450; x_wconf 87' lang='lat' dir='ltr'>conveniunt</span> <span class='ocrx_word' id='word_1_223' title='bbox 573 2410 620 2450; x_wconf 92' lang='lat' dir='ltr'>et</span> <span class='ocrx_word' id='word_1_224' title='bbox 665 2404 768 2450; x_wconf 87' lang='lat' dir='ltr'>faba</span> <span class='ocrx_word' id='word_1_225' title='bbox 815 2406 950 2465; x_wconf 90' lang='lat' dir='ltr'>quasi</span> <span class='ocrx_word' id='word_1_226' title='bbox 1003 2403 1241 2451; x_wconf 89' lang='lat' dir='ltr'>concicula</span> <span class='ocrx_word' id='word_1_227' title='bbox 1295 2417 1400 2450; x_wconf 91' lang='lat' dir='ltr'>cum</span> <span class='ocrx_word' id='word_1_228' title='bbox 1451 2401 1597 2449; x_wconf 86' lang='lat' dir='ltr'>multo</span> <span class='ocrx_word' id='word_1_229' title='bbox 1649 2404 1835 2450; x_wconf 91' lang='lat' dir='ltr'>cumino</span> 
     </span>
     <span class='ocr_line' id='line_1_37' title="bbox 241 2473 1899 2535; baseline -0.001 -16"><span class='ocrx_word' id='word_1_230' title='bbox 241 2479 374 2519; x_wconf 87' lang='lat' dir='ltr'>cocta</span> <span class='ocrx_word' id='word_1_231' title='bbox 412 2481 459 2519; x_wconf 91' lang='lat' dir='ltr'>et</span> <span class='ocrx_word' id='word_1_232' title='bbox 497 2473 707 2534; x_wconf 89' lang='lat' dir='ltr'>adposita</span> <span class='ocrx_word' id='word_1_233' title='bbox 745 2488 875 2520; x_wconf 91' lang='lat' dir='ltr'>more</span> <span class='ocrx_word' id='word_1_234' title='bbox 914 2474 1255 2535; x_wconf 88' lang='lat' dir='ltr'>cataplasmatis</span> <span class='ocrx_word' id='word_1_235' title='bbox 1293 2486 1475 2519; x_wconf 90' lang='lat' dir='ltr'>necnon</span> <span class='ocrx_word' id='word_1_236' title='bbox 1506 2478 1552 2518; x_wconf 90' lang='lat' dir='ltr'>et</span> <span class='ocrx_word' id='word_1_237' title='bbox 1583 2486 1669 2518; x_wconf 91' lang='lat' dir='ltr'>uva</span> <span class='ocrx_word' id='word_1_238' title='bbox 1700 2486 1835 2532; x_wconf 87' lang='lat' dir='ltr'>passa</span> <span class='ocrx_word' id='word_1_239' title='bbox 1858 2484 1899 2516; x_wconf 86' lang='lat'>25</span> 
     </span>
     <span class='ocr_line' id='line_1_38' title="bbox 241 2541 1835 2604; baseline -0.001 -16"><span class='ocrx_word' id='word_1_240' title='bbox 241 2557 350 2589; x_wconf 91' lang='lat' dir='ltr'>cum</span> <span class='ocrx_word' id='word_1_241' title='bbox 395 2545 583 2589; x_wconf 90' lang='lat' dir='ltr'>cumino</span> <span class='ocrx_word' id='word_1_242' title='bbox 629 2550 824 2590; x_wconf 87' lang='lat' dir='ltr'>contusa</span> <span class='ocrx_word' id='word_1_243' title='bbox 869 2550 915 2590; x_wconf 87' lang='lat' dir='ltr'>et</span> <span class='ocrx_word' id='word_1_244' title='bbox 959 2550 1123 2604; x_wconf 86' lang='lat' dir='ltr'>tepens</span> <span class='ocrx_word' id='word_1_245' title='bbox 1161 2543 1370 2603; x_wconf 85' lang='lat' dir='ltr'>adposita</span> <span class='ocrx_word' id='word_1_246' title='bbox 1407 2541 1661 2602; x_wconf 88' lang='lat' dir='ltr'>plurimum</span> <span class='ocrx_word' id='word_1_247' title='bbox 1698 2542 1835 2602; x_wconf 91' lang='lat' dir='ltr'>prod-</span> 
     </span>
     <span class='ocr_line' id='line_1_39' title="bbox 243 2612 1835 2673; baseline 0 -16"><span class='ocrx_word' id='word_1_248' title='bbox 243 2618 335 2673; x_wconf 79' lang='lat' dir='ltr'>est3</span> <span class='ocrx_word' id='word_1_249' title='bbox 381 2612 437 2658; x_wconf 88' lang='lat' dir='ltr'>ad</span> <span class='ocrx_word' id='word_1_250' title='bbox 486 2615 660 2659; x_wconf 88' lang='lat' dir='ltr'>veretri</span> <span class='ocrx_word' id='word_1_251' title='bbox 697 2627 806 2659; x_wconf 87' lang='lat' dir='ltr'>vero</span> <span class='ocrx_word' id='word_1_252' title='bbox 844 2620 1077 2660; x_wconf 88' lang='lat' dir='ltr'>tumorem</span> <span class='ocrx_word' id='word_1_253' title='bbox 1113 2613 1285 2659; x_wconf 90' lang='lat' dir='ltr'>lentem</span> <span class='ocrx_word' id='word_1_254' title='bbox 1324 2626 1378 2657; x_wconf 88' lang='lat' dir='ltr'>ex</span> <span class='ocrx_word' id='word_1_255' title='bbox 1405 2614 1535 2672; x_wconf 72' lang='lat' dir='ltr'>‘aqua</span> <span class='ocrx_word' id='word_1_256' title='bbox 1573 2617 1750 2658; x_wconf 85' lang='lat' dir='ltr'>coctam</span> <span class='ocrx_word' id='word_1_257' title='bbox 1789 2617 1835 2658; x_wconf 91' lang='lat' dir='ltr'>et</span> 
     </span>
     <span class='ocr_line' id='line_1_40' title="bbox 242 2682 1075 2743; baseline 0.004 -17"><span class='ocrx_word' id='word_1_258' title='bbox 242 2682 400 2727; x_wconf 86' lang='lat' dir='ltr'>tritam</span> <span class='ocrx_word' id='word_1_259' title='bbox 439 2683 616 2743; x_wconf 92' lang='lat' dir='ltr'>imponi</span> <span class='ocrx_word' id='word_1_260' title='bbox 653 2683 955 2730; x_wconf 89' lang='lat' dir='ltr'>utilissimum</span> <span class='ocrx_word' id='word_1_261' title='bbox 993 2691 1075 2730; x_wconf 87' lang='lat' dir='ltr'>est.</span> 
     </span>
    </p>

    <p class='ocr_par' dir='ltr' id='par_1_17' title="bbox 386 2750 1832 2813">
     <span class='ocr_line' id='line_1_41' title="bbox 386 2750 1832 2813; baseline 0 -17"><span class='ocrx_word' id='word_1_262' title='bbox 386 2750 436 2796; x_wconf 89' lang='lat' dir='ltr'>Si</span> <span class='ocrx_word' id='word_1_263' title='bbox 480 2751 613 2798; x_wconf 88' lang='lat' dir='ltr'>ulcus</span> <span class='ocrx_word' id='word_1_264' title='bbox 658 2754 705 2798; x_wconf 92' lang='lat' dir='ltr'>in</span> <span class='ocrx_word' id='word_1_265' title='bbox 750 2767 870 2813; x_wconf 92' lang='lat' dir='ltr'>pene</span> <span class='ocrx_word' id='word_1_266' title='bbox 916 2752 1153 2799; x_wconf 89' lang='lat' dir='ltr'>sordidum</span> <span class='ocrx_word' id='word_1_267' title='bbox 1200 2751 1342 2798; x_wconf 85' lang='lat' dir='ltr'>fuerit</span> <span class='ocrx_word' id='word_1_268' title='bbox 1387 2756 1465 2797; x_wconf 89' lang='lat' dir='ltr'>aut</span> <span class='ocrx_word' id='word_1_269' title='bbox 1510 2765 1676 2798; x_wconf 87' lang='lat' dir='ltr'>cancer</span> <span class='ocrx_word' id='word_1_270' title='bbox 1720 2750 1832 2797; x_wconf 93' lang='lat' dir='ltr'>illud</span> 
     </span>
    </p>
   </div>
  </div>
 </body>
</html>
