1898 3016
723 100 1101 150 —113—

116 231 208 279 duo
241 230 373 291 digiti
402 228 544 275 medii
572 228 666 275 lino
698 227 836 275 simul
866 227 1159 289 copulentur,
1198 230 1354 274 statim
1390 229 1602 290 proderit
1631 229 1707 276 ad-

115 313 302 347 versum
346 299 562 360 pituitam
607 304 653 344 et
698 297 994 359 gravedinem
1031 305 1077 344 et
1114 296 1473 345 destillationem
1509 301 1706 347 narium.

115 369 241 418 Ciuis
285 374 511 415 testarum
556 382 613 414 ex
650 369 840 430 ostreiS,
884 370 925 414 si
963 370 1012 414 in
1061 381 1237 414 morem
1282 366 1391 414 salis
1427 383 1545 429 pane
1583 368 1708 416 colli·
1741 379 1794 418 72

115 446 251 501 gatur
281 445 328 485 et
357 443 560 499 voretur,
592 438 748 484 statim
775 437 831 484 ad
854 436 1182 484 removendam
1205 438 1501 498 gravedinem
1525 441 1708 486 narium

73 508 345 570 sproderit3
381 508 510 568 porri
548 521 734 568 quoque
772 508 960 568 capitati
998 506 1105 553 folia
1142 508 1339 570 incocta,
1388 510 1427 554 si
1457 509 1559 555 sine
1591 523 1708 570 pane

114 577 469 638 manducentur,
500 576 753 638 plurimum
787 583 999 638 prosunt.
1052 576 1261 638 Corrigia
1291 579 1456 624 canina
1486 579 1594 625 rudi
1622 593 1709 625 nec
1741 590 1793 628 ’13

115 661 335 708 umquam
378 652 519 693 uncta
567 645 762 707 quilibet
813 646 986 708 digitus
1030 648 1079 692 in
1132 648 1292 707 quavis
1345 662 1485 695 manu
1541 648 1709 709 ligatus

116 717 373 764 remedium
412 714 754 762 destillantibus
792 715 985 762 naribus
1022 722 1240 777 praestat.
1308 716 1473 764 Oleum
1511 717 1711 764 calidum
1744 729 1796 766 74

117 788 243 834 eunti
277 786 530 832 dormitum
561 787 619 847 ei,
651 787 732 846 qui
754 786 1041 846 gravidinem
1070 787 1255 832 narium
1283 788 1473 849 patitur,
1503 789 1552 833 in
1583 801 1710 834 cere·

57 872 97 903 ιο
118 856 254 903 hrum
278 855 542 902 infunditur
573 861 619 902 et
641 856 690 900 in
714 869 851 901 aures
875 856 1141 913 inmittitur,
1164 854 1272 901 ilico
1295 857 1499 917 prodest.
1547 857 1713 903 Ostrea
1745 868 1796 905 75

118 928 180 973 ita
225 933 277 972 ut
320 925 437 972 lecta
475 931 585 971 sunt
621 924 772 972 adhuc
815 926 951 972 testis
996 926 1093 971 suis
1138 923 1294 972 clausa
1338 927 1387 973 in
1430 926 1712 973 carbonibus

119 1001 384 1056 coquuntur
414 1001 552 1055 atque
581 996 644 1041 ita
676 994 779 1041 cibo
811 995 981 1041 dantur
1011 996 1068 1057 ei,
1099 996 1180 1055 qui
1212 997 1498 1055 gravidinem
1530 997 1713 1042 narium

119 1067 315 1127 patitur3
353 1071 479 1110 creta
518 1079 703 1124 quoque
734 1063 924 1110 Cimolia
956 1079 1011 1110 ex
1039 1070 1169 1111 aceto
1199 1071 1334 1111 tunsa
1367 1081 1506 1125 quam
1537 1066 1713 1112 densis-

121 1137 235 1181 sima
267 1134 412 1180 fronti
442 1136 543 1180 eius
573 1135 827 1196 inponitur,
858 1136 934 1180 cui
965 1135 1153 1194 sanguis
1175 1133 1248 1180 vel
1270 1136 1435 1195 pituita
1460 1135 1714 1182 descendit.

59 1220 100 1249 15
121 1203 361 1250 Masticem
410 1218 516 1250 cum
560 1205 721 1264 pipere
765 1205 954 1250 mixtam
1001 1205 1081 1263 qui
1125 1203 1205 1250 diu
1248 1205 1714 1266 commanducaverit,
1746 1217 1799 1255 76

123 1273 342 1320 calefacto
388 1273 582 1320 cerebro
627 1287 810 1319 omnem
855 1287 1065 1319 umorem
1103 1275 1287 1319 narium
1325 1274 1574 1321 cohibebit.
1640 1274 1716 1320 Git
1748 1288 1799 1326 77

123 1342 324 1390 calidum
369 1348 590 1388 tostatum
634 1344 683 1388 in
728 1342 915 1388 linteolo
960 1341 1242 1402 conligatum
1288 1350 1335 1390 et
1379 1359 1516 1405 saepe
1554 1344 1715 1390 odora-

123 1419 223 1459 tum
248 1412 532 1472 gravidinem
556 1414 740 1458 narium
770 1420 816 1459 et
838 1413 1053 1472 pituitam
1078 1411 1288 1476 depellit3
1322 1415 1505 1460 tunicae
1530 1428 1716 1475 quoque

124 1484 295 1528 veteris
332 1481 585 1528 conbustae
623 1482 779 1528 fumus
816 1481 1088 1542 frequenter
1125 1481 1317 1530 naribus
1349 1483 1562 1530 admotus
1592 1483 1716 1530 idem

59 1565 99 1595 20
123 1557 340 1612 praestat.
385 1551 602 1597 Proderit
624 1553 668 1597 ei
690 1551 959 1613 plurimum,
982 1552 1064 1611 qui
1087 1551 1373 1612 gravidinem
1397 1556 1578 1600 narium
1603 1554 1717 1614 pati-
1749 1566 1801 1603 78

122 1630 221 1683 tur,
266 1622 306 1667 si
349 1622 398 1667 in
435 1621 595 1667 charta
632 1635 681 1666 se
719 1626 939 1681 emungat
983 1635 1178 1682 eamque
1219 1622 1450 1683 alligatam
1494 1623 1716 1685 epistolae

122 1691 259 1737 modo
296 1691 344 1736 in
382 1690 620 1751 publicum
659 1690 848 1752 abiciat,
893 1696 940 1736 et
984 1691 1024 1736 si
1066 1691 1116 1737 in
1154 1693 1360 1738 cinerem
1398 1707 1447 1739 se
1486 1699 1718 1755 emungat,

123 1775 268 1821 aeque
307 1761 520 1820 proficiet
556 1760 611 1806 ad
650 1762 908 1806 sanitatem.
972 1759 1125 1806 Salem
1162 1767 1340 1808 torreat
1377 1767 1424 1808 et
1452 1764 1501 1809 in
1531 1769 1718 1810 noctem
1750 1778 1802 1816 79

125 1829 215 1876 sibi
238 1829 292 1875 ad
317 1829 566 1876 cerebrum
588 1832 636 1876 in
661 1844 795 1876 sacco
817 1829 944 1892 liget,
974 1831 1055 1890 qui
1078 1831 1292 1890 pituitam
1316 1833 1505 1892 patitur.
1548 1832 1719 1894 Cepam
1749 1848 1802 1886 80

62 1913 102 1944 25
125 1898 280 1945 Afram
304 1899 610 1946 conditoriam
635 1907 876 1945 contusam
902 1913 1010 1946 cum
1033 1906 1162 1946 aceto
1194 1902 1423 1947 acerrimo
1449 1904 1718 1948 commisce-

124 1968 198 2015 bis
242 1975 288 2014 et
333 1969 538 2029 adpones
584 1969 777 2015 naribus
814 1970 936 2031 eius,
981 1970 1058 2015 cui
1096 1972 1283 2030 sanguis
1320 1971 1444 2033 fluit,
1489 1978 1535 2018 et
1572 1972 1627 2018 ad
1670 1986 1718 2018 se

125 2037 316 2084 naribus
362 2038 514 2093 trahat
551 2044 597 2084 et
641 2039 775 2098 quasi
812 2038 1010 2099 sorbeat,
1051 2041 1207 2085 statim
1245 2040 1447 2087 cessabit
1484 2043 1636 2088 sanies
1675 2048 1722 2088 et

125 2107 279 2154 fluxus
302 2107 606 2156 inhibebitur.
654 2107 874 2154 Radicem
899 2107 1120 2154 cannabis
1142 2108 1333 2156 brachio
1364 2110 1528 2157 dextro
1559 2111 1720 2172 ligat03
1752 2129 1804 2166 81

127 2179 168 2223 si
211 2184 360 2223 totum
406 2177 648 2225 brachium
695 2179 898 2223 cinxeris
943 2177 999 2223 de
1045 2179 1144 2238 ipsa
1188 2180 1366 2241 radice,
1413 2180 1578 2226 melius
1618 2182 1720 2242 erit,

63 2259 105 2291 eo
128 2248 199 2293 sin
244 2261 353 2293 vero
398 2255 579 2308 partem
623 2246 863 2304 habueris,
917 2246 1034 2293 collo
1084 2249 1316 2309 suspende
1362 2249 1546 2309 ligatam
1599 2250 1721 2312 licio,

129 2316 252 2377 quod
289 2318 338 2363 in
375 2317 465 2363 tela
503 2317 664 2379 suerit,
710 2323 756 2363 et
793 2324 846 2363 ut
882 2318 1023 2376 scias,
1062 2323 1233 2377 quanta
1271 2320 1338 2364 vis
1377 2320 1437 2364 sit
1472 2319 1613 2365 huius
1651 2334 1721 2366 re-

128 2386 290 2448 medii,
334 2386 415 2432 ubi
458 2386 716 2447 alligaveris
759 2386 878 2433 hanc
916 2386 1140 2449 radicem,
1187 2389 1341 2433 statim
1386 2390 1575 2449 sanguis
1619 2403 1721 2450 per-

242 2524 266 2560 2
305 2519 655 2563 distillationem.
807 2526 831 2562 6
870 2521 1058 2574 corrigio
1097 2520 1253 2563 canino
1290 2525 1378 2563 Im.
1530 2527 1553 2563 7
1590 2525 1725 2565 uncta

134 2576 276 2617 Ptin„-
316 2574 466 2617 uincto
506 2580 580 2618 Im
617 2577 768 2618 uincta
798 2580 890 2620 2m.
1035 2583 1058 2618 9
1099 2576 1373 2630 gravidinem
1407 2581 1484 2620 lm
1520 2578 1723 2632 gravedi-

131 2644 233 2672 nem
262 2635 354 2674 2m.
466 2636 516 2673 13
549 2632 828 2674 chimmonia.
945 2636 995 2673 16
1027 2633 1269 2675 humorem.
1383 2638 1436 2675 23
1467 2635 1625 2689 aeque]
1658 2648 1722 2676 ae.

132 2690 186 2727 25
217 2685 485 2729 commisces.
576 2691 630 2729 28
659 2686 934 2729 inhibebitur
962 2689 1139 2742 scripsi:
1168 2687 1395 2731 inhibitur.
1511 2703 1726 2743 conupem

56 2757 59 2759 ·
128 2754 212 2794 pro
246 2742 467 2783 cannabis.

218 2819 466 2860 Mlmcnnnns,
487 2828 549 2851 m).
571 2820 815 2852 Hnmmmcn.
1448 2818 1472 2856 8
