1898 3016
749 114 1121 164 —237—

137 246 219 294 ubi
263 246 320 293 de
364 243 544 307 pecude
583 242 794 290 sublatus
833 242 995 305 fuerit,
1037 256 1180 303 super
1217 242 1387 289 lienem
1424 242 1626 289 hominis
1663 244 1730 289 in-

137 318 318 379 positus
348 320 394 362 et
424 314 638 375 alligatus
668 315 785 361 mire
816 312 1024 359 dolorem
1053 314 1177 359 intra
1206 327 1382 374 paucos
1413 312 1512 360 dies
1536 313 1732 375 auferet,

138 388 178 434 si
205 391 369 447 postea
400 384 456 431 ad
488 385 667 431 fumum
698 382 1025 446 suspendatur,
1055 388 1108 429 ut
1130 381 1225 429 illic
1249 388 1442 429 arescat.
1493 381 1733 430 Haedinus
1763 391 1815 429 33

138 470 247 502 vero
285 455 378 502 lien
416 453 633 501 similiter
671 459 724 500 ut
759 453 971 500 hircinus
1009 466 1151 514 super
1190 452 1398 514 splenem
1435 452 1626 500 infantis
1657 452 1731 499 ad-

93 538 114 570 5
136 527 320 587 positus
357 530 404 572 et
444 531 650 571 tumores
688 528 735 570 et
772 522 979 570 dolorem
1017 523 1119 569 eius
1157 522 1435 569 emendabit.

274 595 312 641 A
356 594 479 642 lanio
523 593 692 640 lienem
738 592 872 640 vituli
917 594 1080 654 quanti
1123 592 1323 640 voluerit
1367 606 1494 639 emes
1531 607 1732 654 eumque

134 664 339 712 medium
377 662 618 711 exsecabis
649 664 845 709 servatis
879 664 1076 724 integris
1108 664 1210 710 eius
1240 662 1479 725 lateribUS,
1516 668 1570 709 ut
1599 663 1732 710 undi-

135 749 226 797 que
257 736 565 795 contineatur,
595 738 734 794 atque
766 747 887 795 eum,
918 734 1000 794 qui
1023 732 1148 779 dolet
1172 732 1395 795 splenem,
1425 734 1473 778 in
1496 732 1731 780 balineum

133 805 280 852 duces
317 809 365 851 et
400 818 486 865 per
522 802 722 850 mediam
760 804 1015 849 scissuram
1051 802 1176 849 illius
1213 802 1350 849 lienis
1387 816 1411 848 a
1450 805 1600 864 capite
1632 817 1733 850 cor-

73 888 114 918 10
135 889 225 936 pus
263 876 365 921 eius
403 887 539 920 omne
577 874 855 935 summittes,
892 874 957 919 ita
993 878 1046 919 ut
1084 887 1234 934 usque
1272 872 1327 918 ad
1359 872 1501 934 pedes
1531 872 1624 919 lien
1655 873 1733 920 de-

136 944 281 1006 cidat3
319 943 618 1005 postmodum
655 944 810 1005 ipsum
847 942 1018 989 lienem
1054 943 1103 990 in
1142 942 1269 989 fumo
1302 942 1562 1003 suspendes
1593 950 1732 1004 atque

135 1015 321 1061 arefieri
364 1014 527 1075 facies3
581 1027 672 1075 quo
722 1013 843 1060 facto
892 1027 999 1059 cum
1048 1012 1312 1059 tumoribus
1361 1014 1501 1059 etiam
1546 1012 1733 1060 dolores

135 1084 272 1131 lienis
308 1085 370 1146 is,
415 1085 494 1130 cui
529 1082 816 1145 medeberis,
861 1082 1016 1130 sedari
1057 1084 1228 1129 sentiet
1265 1083 1485 1144 omnique
1522 1082 1733 1130 molestia

137 1156 229 1202 cito
265 1152 556 1200 liberabitur.

74 1236 114 1267 15
276 1222 417 1270 Ebuli
453 1222 671 1285 radicem,
709 1236 849 1282 quam
886 1223 985 1268 sine
1023 1221 1150 1268 ferro
1188 1221 1371 1285 evellas,
1409 1222 1586 1268 aridam
1624 1236 1732 1269 con-

137 1299 291 1340 tusam
335 1299 382 1340 et
417 1291 605 1354 pollinis
643 1291 779 1338 modo
818 1290 1068 1338 cribratam
1105 1306 1325 1354 repones,
1370 1292 1478 1338 inde
1517 1292 1733 1339 cocliaria

136 1365 227 1409 tria
264 1377 321 1409 ex
357 1364 454 1408 vini
490 1361 668 1423 cyathis
699 1360 852 1408 tribus
882 1363 931 1407 in
961 1361 1120 1407 limine
1153 1367 1282 1408 stans
1313 1368 1475 1408 contra
1506 1364 1734 1409 orientem

136 1447 222 1494 per
258 1431 469 1479 triduum
506 1430 653 1478 bibito
691 1433 894 1493 ieiunus,
931 1431 1014 1477 sed
1052 1432 1240 1477 omnino
1280 1431 1489 1494 observa,
1526 1445 1584 1478 ne
1624 1431 1734 1478 ebu-

137 1502 235 1549 lum
271 1502 396 1548 ferro
434 1502 731 1560 contingatur
762 1506 843 1547 aut
872 1514 932 1547 ne
962 1502 1077 1563 ipse,
1108 1501 1220 1547 dum
1250 1501 1510 1548 remedium
1543 1503 1733 1564 accipis,

74 1584 115 1615 20
138 1572 316 1619 ferrum
352 1577 509 1618 tecum
544 1569 730 1616 habeas.

275 1639 416 1688 Ebuli
458 1640 595 1687 bacas
639 1645 932 1701 permaturas
977 1641 1186 1701 exprime
1230 1646 1370 1702 atque
1416 1655 1472 1687 ex
1517 1655 1571 1687 eo
1621 1655 1734 1688 suco

135 1712 236 1758 viro
272 1712 364 1757 tria
401 1709 617 1757 cocliaria
653 1709 709 1756 ad
747 1709 871 1756 diem
908 1709 965 1756 da
1001 1708 1224 1773 bibenda,
1261 1709 1450 1756 mulieri
1487 1710 1602 1773 duo,
1642 1726 1733 1772 quo

138 1786 324 1842 sumpto
370 1779 541 1826 deiciet
584 1793 669 1840 per
705 1784 917 1825 ventrem
954 1781 1101 1826 instar
1140 1781 1400 1843 sanguini53
1446 1786 1547 1826 tum
1590 1782 1733 1827 inter-

138 1853 258 1897 iecto
302 1849 459 1896 triduo
503 1863 695 1895 rursum
732 1848 864 1895 dabis
909 1854 956 1895 et
995 1863 1081 1910 per
1117 1849 1232 1896 haec
1270 1849 1511 1896 intervalla
1547 1856 1734 1911 repetes

77 1931 118 1963 25
142 1919 292 1966 dando
330 1921 581 1981 potionem,
619 1918 766 1965 donec
800 1933 1044 1981 persanes3
1083 1920 1123 1965 si
1152 1925 1347 1980 propter
1378 1919 1736 1966 amaritudinem

141 1989 291 2036 solum
336 2003 501 2035 sucum
545 1988 734 2034 haurire
779 2002 873 2035 non
916 1990 1144 2051 potuerit,
1188 1988 1463 2035 tantundem
1508 1991 1606 2035 vini
1656 1995 1736 2036 aut

140 2057 363 2121 oxymelis
400 2057 604 2119 augebis,

280 2128 412 2175 Aceti
455 2126 658 2174 scillitici
702 2126 919 2188 cyathum
962 2142 1130 2190 unum,
1175 2126 1324 2174 mellis
1368 2127 1511 2174 Attici
1556 2122 1618 2194 „91
1658 2127 1735 2191 III,

141 2198 400 2245 vettonicae
446 2203 610 2243 tunsae
655 2196 883 2243 cribratae
931 2191 992 2263 ᾃα
1031 2196 1093 2242 ΙΙΙ
1140 2198 1189 2243 in
1233 2211 1379 2243 unum
1425 2197 1644 2243 miscebis
1690 2203 1737 2244 et

11 2283 14 2287 ·
80 2281 121 2312 30
144 2267 315 2314 adicies
353 2281 520 2328 aquam
558 2266 751 2313 calidam
787 2272 834 2313 et
864 2266 994 2312 dabis
1025 2268 1181 2313 ieiuno
1212 2281 1297 2327 per
1327 2266 1536 2313 triduum
1568 2266 1736 2328 spleni-

143 2339 236 2385 tico
272 2339 524 2399 potionem.

282 2407 469 2453 Lotium
506 2408 621 2468 eius,
660 2407 740 2467 qui
779 2405 987 2466 splenem
1023 2405 1162 2467 dolet,
1202 2407 1418 2466 quotiens
1456 2407 1642 2452 urinam
1673 2406 1738 2452 fe-

146 2478 277 2539 cerit,
307 2477 471 2537 collige
502 2482 551 2522 et
580 2477 785 2522 cinerem
818 2475 874 2521 de
905 2475 1007 2521 foco
1039 2474 1296 2522 cribratum
1324 2476 1373 2522 in
1404 2489 1550 2522 unum
1574 2475 1738 2536 subige

288 2600 340 2637 10
395 2596 452 2637 ad
501 2595 655 2650 pedes]
701 2596 755 2637 ab
798 2596 867 2638 his
909 2596 1130 2638 vocabulis
1185 2597 1316 2638 codex
1365 2608 1520 2638 rursus
1567 2595 1738 2649 incipit.

151 2655 203 2692 18
235 2650 459 2693 aebulum:
499 2650 653 2693 ebulus
694 2651 945 2694 Oornarius.
1061 2655 1112 2692 21
1153 2651 1310 2694 aebuli.
1436 2656 1489 2693 27
1521 2649 1738 2692 oximelis.

149 2710 203 2747 28
235 2706 396 2750 scilliti.
510 2712 563 2748 29
595 2707 839 2749 vetonicae.
955 2711 1007 2748 32
1038 2707 1202 2749 urinae.
1312 2711 1364 2749 33
1395 2719 1596 2750 cenerem
1626 2708 1679 2749 de
1709 2707 1738 2748 f.

148 2761 389 2804 cribratam
420 2763 526 2816 (sic),
557 2764 629 2806 sed
657 2762 898 2805 inductum.

1763 601 1818 639 34

1764 1229 1816 1267 35

1765 1647 1818 1685 36

1767 2135 1820 2172 37

1769 2413 1821 2451 38
