1898 3016
753 96 1193 164 —140-'

141 241 198 288 ad
228 241 521 304 paralyticos,
551 242 607 289 ad
639 256 733 306 eos,
765 243 846 303 qui
876 257 933 288 ex
962 242 1257 289 incommodo
1287 249 1509 306 tremunt,
1541 243 1595 290 ad
1628 258 1733 290 nes-

139 314 273 375 ciam,
311 312 367 358 ad
405 311 700 375 hydropicos,
738 312 794 359 ad
833 312 1215 375 opisthotonicos,
1253 313 1309 359 ad
1347 313 1518 374 pedum
1552 313 1735 360 subitos

139 381 324 428 dolores
363 382 436 428 vel
472 382 749 444 gravidines,
787 382 844 428 ad
881 382 1041 442 longas
1078 383 1311 429 viscerum
1349 397 1512 430 causas
1550 383 1621 429 vel
1655 383 1733 429 do-

137 451 283 510 lores,
332 451 388 498 ad
436 451 686 514 pthisicOS,
730 452 786 498 ad
827 452 1048 511 inediam,
1093 452 1149 498 ad
1194 452 1350 516 lienis,
1394 454 1450 500 ad
1495 454 1642 514 epatis
1687 460 1735 500 et

139 521 195 568 ad
226 523 558 568 intestinorum
595 522 794 583 dolores,
833 522 889 567 ad
927 522 1147 569 duritiam
1185 537 1370 584 quoque
1409 524 1556 584 epatis
1590 523 1732 569 resol-
1756 536 1778 568 5

138 591 349 654 vendam,
387 591 444 637 ad
474 597 636 653 partus
671 591 996 654 extrahendos,
1036 594 1116 654 qui
1154 599 1260 639 ante
1290 595 1604 640 maturitatem
1637 593 1734 639 sue-

139 663 235 707 rint
274 662 468 723 enecati,
508 667 555 707 et
593 662 634 707 si
665 661 778 723 quid
816 668 923 722 post
959 669 1144 723 partum
1175 663 1405 709 resederit
1436 662 1735 710 evocandum.

138 731 272 785 Quod
302 730 693 777 medicamentum
725 731 782 778 ab
812 730 1101 794 Eutychiano
1133 732 1365 779 archiatro
1403 735 1605 794 primum
1643 738 1736 779 tra-

138 802 285 847 ditum
324 801 487 847 fertur.
561 800 705 848 Cuius
744 801 997 862 descriptio
1042 801 1169 849 talis:
1229 802 1434 849 Storacis
1479 799 1600 864 drag.
1638 801 1736 866 1111,

137 872 221 917 iris
237 870 447 932 Illyricae
465 868 701 933 dragllll,
724 871 989 933 hyoscyami
1006 871 1130 932 drag.
1147 872 1178 934 l,
1203 875 1482 934 opopanacis
1499 869 1624 932 drag.
1639 871 1737 936 1111,
1761 887 1802 918 ιο

137 955 320 1002 myrrae
344 939 667 1002 troglodytidis
692 942 816 1003 drag.
840 941 939 1004 1111,
966 944 1146 988 resinae
1172 942 1511 989 terebinthinae
1535 943 1658 1003 drag.
1683 943 1738 1007 ΙΙ,

137 1012 314 1071 piperis
359 1009 451 1056 albi
495 1009 621 1071 drag.
659 1010 764 1074 XlI,
810 1011 1025 1058 afronitri
1070 1010 1194 1072 drag.
1237 1011 1320 1076 XI,
1364 1014 1460 1074 opii
1504 1010 1629 1074 drag.
1661 1012 1738 1075 XI,

139 1079 323 1141 galbani
346 1077 471 1141 drag.
495 1080 592 1127 1111.
637 1080 762 1127 Haec
793 1083 945 1127 omnia
976 1081 1331 1142 diligentissime
1354 1089 1505 1146 tunsa,
1535 1083 1738 1130 cribrata

140 1156 186 1196 et
229 1152 360 1212 trita,
406 1157 460 1196 ut
503 1152 789 1211 permiscere
836 1164 886 1196 se
924 1153 1125 1211 possint,
1168 1166 1285 1212 aqua
1323 1152 1468 1198 nitida
1505 1154 1554 1198 in
1592 1167 1738 1200 unum

140 1219 344 1279 colliges,
382 1221 446 1266 ita
484 1227 538 1266 ut
575 1227 806 1266 storacem
844 1228 890 1266 et
926 1220 1173 1280 galbanum
1213 1223 1461 1282 separatim
1492 1228 1598 1269 ante
1629 1237 1737 1269 con-
1763 1235 1804 1267 15

139 1289 328 1351 tundas3
382 1304 500 1350 quae
555 1290 694 1336 simul
741 1290 935 1336 confusa
987 1305 1104 1352 aqua
1153 1290 1343 1352 colliges
1388 1298 1435 1338 et
1479 1292 1739 1339 trochiscos

140 1359 197 1405 ad
233 1373 504 1406 mensuram
542 1360 666 1406 oboli
704 1360 845 1406 facies
884 1366 931 1406 et
969 1375 1075 1407 cum
1114 1363 1431 1408 necessarium
1477 1363 1638 1426 suerit,
1683 1377 1739 1409 ex

141 1443 259 1490 aqua
291 1429 437 1475 calida
467 1428 695 1476 bibendos
727 1429 858 1476 dabis
883 1445 989 1476 cum
1014 1430 1193 1492 cyathis
1218 1431 1370 1478 tribus
1394 1437 1568 1496 ternos,
1598 1437 1741 1493 prout

139 1504 264 1545 aetas
302 1505 383 1545 aut
420 1500 568 1546 virtus
607 1500 762 1546 fuerit.

815 1652 938 1699 CAP.
974 1652 1065 1699 XV.

137 1741 224 1783 Ad
260 1740 507 1794 anginam
541 1740 630 1783 vel
666 1741 973 1793 synanchen
1014 1743 1068 1783 et
1105 1743 1337 1783 strumas
1383 1743 1436 1784 et
1470 1743 1740 1795 parotidas

139 1812 193 1852 et
228 1813 472 1853 reumata
516 1813 571 1852 et
608 1810 890 1863 glandulas
927 1810 1017 1853 vel
1051 1810 1258 1852 tosillas
1302 1813 1356 1853 et
1392 1812 1463 1853 ad.
1499 1823 1561 1855 ea
1598 1824 1739 1867 quae

138 1879 388 1923 faucibus
424 1881 695 1923 haeserint
732 1881 1004 1923 evocanda
1041 1880 1278 1923 remedia
1310 1880 1647 1926 rationabilia
1685 1886 1740 1927 et

446 1950 668 2003 physica
698 1950 908 1993 diversa
938 1951 1005 1992 de
1037 1950 1432 2003 experimentis.

279 2057 486 2117 Anginae
518 2057 710 2118 prodest
741 2058 979 2118 sanguinis
1010 2057 1249 2120 detractio,
1281 2058 1631 2105 cucurbitarum
1659 2060 1736 2106 ad·
1759 2073 1804 2103 20

139 2126 305 2173 hibitio
345 2133 594 2188 ceteraque
627 2125 810 2189 auxilia,
850 2126 1020 2188 quibus
1051 2127 1221 2173 medici
1250 2127 1485 2173 efficacius
1516 2137 1735 2192 utuntur3

138 2197 475 2243 medicamenta
520 2202 677 2243 autem
722 2196 949 2257 simplicia
992 2196 1107 2243 haec
1158 2203 1284 2243 recte
1337 2197 1533 2244 faciunt:
1591 2198 1737 2245 Laser

139 2266 444 2327 Cyrenaicum
490 2281 608 2328 aqua
654 2266 853 2312 dilutum
900 2268 1103 2313 crassius
1156 2281 1240 2327 per
1283 2268 1473 2328 pinnam
1521 2268 1735 2315 faucibus

138 2336 397 2382 adhibitum
437 2336 507 2382 vel
546 2336 856 2397 euphorbium
903 2351 1021 2397 aqua
1068 2335 1266 2382 dilutum
1312 2337 1525 2383 similiter
1561 2339 1734 2399 inposi-

138 2411 251 2452 tum.
306 2405 690 2467 Conpositionum
728 2413 883 2452 autem
922 2406 1034 2452 haec
1074 2411 1184 2451 sunt
1213 2411 1338 2466 apta:
1376 2406 1515 2452 Fellis
1548 2409 1732 2471 taurini,
1757 2420 1800 2451 25

250 2544 273 2580 2
304 2539 549 2594 ydropicos.
692 2544 719 2581 4
749 2540 807 2580 ad
836 2539 984 2594 lienis]
1017 2538 1087 2580 vel
1116 2539 1256 2581 lienis.
1390 2541 1534 2593 eparis
1565 2542 1663 2583 item
1694 2546 1730 2583 5.

137 2598 161 2635 9
194 2596 421 2636 storachis.
567 2600 619 2638 10
648 2595 874 2650 yosciami.
1020 2599 1068 2635 11
1101 2595 1414 2637 terebentinae.
1554 2600 1606 2637 14
1636 2610 1732 2650 per-

135 2649 320 2692 miscere
351 2651 417 2705 se]
448 2651 703 2704 permiscerl
733 2651 850 2692 inter
879 2663 925 2691 se
959 2649 1207 2692 Corum-ius.
1326 2655 1376 2693 15
1408 2652 1667 2694 storachem.

246 2707 313 2749 tit.
346 2707 612 2749 sinanchem.
731 2707 785 2748 ad
816 2711 914 2748 ante
944 2719 997 2747 ea
1026 2719 1103 2747 om.

249 2766 301 2803 23
333 2762 612 2815 cyrinaieum.
728 2767 782 2803 24
813 2761 1039 2804 adhibitur
1069 2762 1177 2815 (sic).
