1898 3016
761 79 1102 131 ..57-

136 214 340 275 positum
391 224 575 258 necnon
627 216 673 257 et
726 209 924 256 laterum
972 207 1121 254 dolori
1165 205 1356 268 prodest
1401 204 1615 252 similiter
1659 206 1725 251 in-
1766 212 1775 223 ”

136 283 352 345 positum.
427 280 662 342 Empyicis
699 294 807 326 vero
846 277 917 325 vel
954 277 1275 338 aemoptyicis,
1313 275 1359 322 id
1398 281 1469 321 est
1507 276 1587 336 qui
1625 288 1725 320 san-

136 353 323 414 guinem
361 350 417 397 de
454 348 714 396 visceribus
750 363 835 410 per
872 362 923 395 os
961 348 1175 409 eiectant,
1208 344 1430 407 proderit,
1472 346 1511 391 si
1548 344 1726 390 thoraci

136 421 380 467 inductum
425 419 548 466 aluta
597 421 861 480 inponatur.
935 417 1062 463 Facit
1117 421 1164 462 et
1217 415 1270 461 ad
1325 420 1533 461 reumata
1585 420 1631 460 et
1671 413 1727 459 ad

95 490 367 537 tarthritim
413 503 498 550 pro
542 488 813 549 malagmate
855 487 1138 550 adpositum,
1186 484 1417 547 protrahit
1454 489 1500 530 et
1538 484 1727 543 sagittas

137 566 183 607 et
213 559 352 606 sudes
383 565 430 605 et
460 560 499 605 si
531 573 619 619 qua
651 559 837 619 corpori
868 557 1171 618 inhaeserint,
1205 554 1420 601 similiter
1451 553 1727 614 adpositum.

135 629 203 676 Ad
241 629 340 675 loca
377 643 485 674 vero
524 627 753 690 pudenda,
791 627 835 673 id
875 632 946 672 est
983 626 1038 671 ad
1078 639 1244 686 penem
1283 626 1378 670 sive
1411 623 1465 669 ad
1499 623 1726 685 podicem,

136 713 242 746 cum
288 697 473 759 aliquod
518 696 612 743 illic
656 696 824 743 vulnus
870 697 1032 758 fuerit,
1082 694 1286 742 solutum
1337 693 1726 739 medicamentum

137 782 242 815 cera
272 774 318 814 et
348 767 448 814 oleo
481 768 679 828 myrtino
711 766 983 827 adponatur.
1034 764 1083 811 Si
1110 778 1218 811 vero
1242 762 1550 809 muliebribus
1574 762 1728 808 causis

75 853 115 883 10
139 838 279 884 fuerit
323 838 659 899 necessarium,
703 835 748 882 id
795 841 867 882 est
911 836 950 881 si
995 834 1127 880 vulva
1168 833 1375 880 dolorem
1414 832 1485 878 vel
1523 833 1728 878 carcino-

137 913 258 954 mata
295 907 600 967 contraxerit,
644 911 845 967 ponetur
883 919 987 951 cum
1027 903 1128 950 oleo
1167 905 1396 965 susinato,
1441 903 1502 947 ita
1545 907 1598 947 ut
1636 915 1728 946 em-

136 976 362 1038 plastrum
401 981 562 1022 contra
599 973 729 1021 illum
768 974 934 1037 locum,
973 975 1130 1035 quiin
1163 986 1300 1019 causa
1332 978 1416 1033 est,
1454 971 1727 1032 adponatur.

138 1046 205 1092 Ad
237 1045 546 1092 carbunculos
577 1059 687 1092 sane
718 1050 765 1091 et
795 1044 1039 1091 anthracas
1078 1049 1124 1089 et
1163 1042 1377 1089 escharas
1409 1040 1589 1102 aliaque
1624 1054 1728 1086 reu-

138 1117 400 1162 matizantia
437 1114 508 1161 vel
546 1115 600 1160 ad
640 1120 841 1160 strumas
877 1119 923 1159 et
960 1118 1242 1174 apostemata
1280 1111 1567 1157 medicamen
1607 1109 1728 1156 solu-

75 1199 115 1230 15
138 1193 236 1231 tum
281 1183 617 1246 aliquantulum
663 1183 797 1229 melle
842 1182 1034 1229 debebis
1086 1183 1332 1243 adponere.
1408 1180 1522 1226 Cum
1575 1185 1730 1226 autem

138 1260 359 1315 purgatae
406 1254 580 1300 fuerint
623 1252 816 1314 pusulae
848 1252 919 1299 vel
957 1251 1256 1298 collectiones
1296 1257 1342 1296 et
1378 1250 1591 1310 vulnera,
1631 1255 1728 1295 tum

140 1325 238 1369 sine
285 1322 419 1369 melle
472 1322 773 1383 emplastrum
823 1335 926 1368 cum
981 1335 1099 1382 puro
1149 1320 1455 1366 medicamine
1509 1319 1728 1379 adpones.

140 1391 270 1439 Facit
314 1398 360 1439 et
403 1391 458 1438 ad
505 1391 777 1438 furunculos
815 1390 1029 1437 similiter
1067 1391 1243 1436 siccum
1281 1389 1544 1450 adpositum
1590 1394 1636 1434 et
1673 1388 1727 1434 ad

141 1476 324 1508 omnem
354 1460 568 1523 pusulam
599 1468 645 1507 et
674 1460 901 1507 maculam
934 1459 1206 1522 curandam,
1246 1460 1421 1519 rumpit
1455 1459 1580 1504 enim
1613 1472 1729 1518 quae

78 1544 119 1576 20
142 1536 359 1577 concreta
397 1536 506 1577 sunt
543 1536 589 1576 et
625 1536 794 1590 purgat
831 1536 877 1576 et
917 1531 1168 1577 cicatricat.
1229 1528 1343 1575 Cum
1375 1533 1530 1574 autem
1561 1527 1729 1574 vulnus

139 1606 230 1662 est,
275 1600 332 1649 de
379 1614 470 1661 quo
515 1599 775 1646 inmodicus
829 1600 1017 1660 sanguis
1061 1599 1289 1661 erumpit,
1335 1597 1597 1658 adpositum
1642 1596 1730 1643 hoc

139 1669 526 1716 medicamentum
570 1669 677 1716 ilico
723 1676 770 1715 ct
813 1670 1084 1729 sanguinem
1130 1670 1253 1714 sistit
1297 1673 1344 1713 et
1390 1666 1559 1713 vulnus
1598 1671 1732 1712 curat

139 1745 185 1785 et
222 1747 378 1785 cutem
408 1740 687 1799 constringit
717 1745 763 1785 et
793 1740 1059 1785 cicatricem
1092 1743 1279 1784 tenuem
1311 1737 1435 1783 facit.
1489 1735 1729 1782 Resolutio

140 1814 294 1854 autem
347 1807 419 1853 vel
471 1809 727 1869 conpositio
775 1808 1037 1868 adponendi
1087 1806 1359 1854 vulneribus
1412 1806 1731 1852 medicaminis

80 1892 119 1924 25
143 1877 247 1924 talis
286 1883 370 1924 est.
408 1877 564 1923 Mittes
601 1877 740 1923 huius
779 1878 1095 1924 medicaminis
1139 1903 1195 1908 —-
1225 1875 1287 1922 111
1318 1882 1363 1922 et
1394 1876 1566 1922 adicies
1597 1889 1730 1922 cerae

141 1973 205 1980 -—
238 1946 270 2009 I,
302 1946 390 1993 olei
420 1948 590 1994 veteris
615 1973 681 1980 —
706 1946 783 2009 VI;
821 1946 894 1993 his
925 1961 1049 2010 vero,
1080 1948 1160 2008 qui
1190 1945 1362 1992 habent
1391 1952 1471 1991 aut
1499 1947 1549 1991 in
1579 1946 1731 2005 capite

140 2023 219 2063 aut
255 2019 302 2062 in
341 2016 533 2063 auribus
569 2023 649 2062 aut
685 2017 733 2062 in
764 2016 956 2062 naribus
986 2030 1148 2062 causas
1180 2021 1225 2062 et
1256 2014 1459 2076 vulnera,
1498 2015 1730 2075 adponen-

141 2086 249 2132 dum
294 2087 360 2132 sic
405 2085 610 2132 resolves
655 2085 940 2132 medicamen
991 2087 1090 2131 sine
1136 2099 1261 2147 cera,
1307 2084 1458 2131 oleum
1499 2099 1608 2130 sane
1647 2098 1731 2145 pro

139 2162 364 2218 tempore,
400 2156 447 2201 id
486 2162 556 2202 est
595 2157 634 2201 si
671 2161 822 2202 aestas
857 2155 1012 2217 fuerit,
1049 2156 1204 2201 minus
1235 2154 1428 2201 adicies:
1467 2155 1506 2200 si
1535 2154 1730 2215 hiemps,

78 2240 118 2271 30
141 2225 336 2286 amplius
383 2225 614 2271 infundes.
687 2224 818 2271 Facit
862 2233 908 2271 et
952 2225 1007 2271 ad
1052 2239 1238 2270 morsus
1282 2224 1484 2270 hominis
1522 2229 1568 2269 et
1605 2224 1733 2269 canis

139 2293 301 2341 rabidi.
374 2294 632 2341 Nervorum
678 2309 864 2356 quoque
911 2296 1163 2341 incisiones
1201 2293 1273 2340 vel
1310 2293 1574 2340 collisiones
1612 2292 1732 2339 salu-

140 2363 287 2410 briter
325 2370 478 2427 curat3
525 2364 695 2426 quibus
739 2378 845 2411 cum
883 2364 1163 2410 medendum
1201 2363 1362 2424 suerit,
1399 2362 1541 2408 addes
1579 2361 1731 2408 oleum

140 2448 382 2480 rosaceum
428 2448 532 2480 cum
578 2433 760 2480 modico
806 2440 936 2480 aceto
983 2434 1112 2480 lanae
1151 2433 1338 2479 sucidae
1375 2432 1543 2478 infuso.
1617 2431 1732 2478 Cum

141 2509 294 2549 autem
348 2503 620 2564 adposueris
673 2503 745 2550 his
798 2505 951 2550 causis
1010 2503 1098 2549 hoc
1151 2502 1566 2563 medicamentum,
1627 2507 1733 2562 post

252 2613 276 2650 2
321 2609 621 2664 aemoptoicis.
792 2614 819 2651 4
863 2607 1435 2651 threumatasthraumata,
1481 2607 1730 2649 Coo-narius.

141 2669 165 2706 5
183 2663 443 2707 arcthrisim.
520 2670 568 2707 13
587 2666 808 2721 escharas]
825 2665 1074 2707 scharadas.
1151 2668 1201 2705 19
1226 2663 1400 2705 malam.
1476 2668 1529 2704 29
1545 2663 1730 2716 hiemps.

141 2724 193 2761 30
223 2719 440 2763 infundas.
559 2725 609 2762 31
642 2721 713 2763 vel
744 2720 993 2764 collisiones
1024 2733 1100 2763 om.

1759 1045 1810 1082 21

1760 1741 1812 1779 22
