1930 3008
167 701 219 739 16

167 910 218 948 17

166 1189 217 1226 18

164 1678 214 1715 19

158 2168 212 2205 20

160 2517 212 2553 21

251 339 345 385 this
382 337 442 384 VI
485 338 603 384 biles
646 338 897 385 deducunt.
964 337 1233 384 Meconidos
1272 353 1458 399 quoque
1494 320 1667 386 herbae
1705 354 1848 386 sucus

251 407 429 470 cyathis
467 407 652 455 duobus
689 408 825 454 datus
863 407 1068 455 detrahit
1104 407 1256 455 bilem.
1318 407 1598 455 Cucurbitae
1629 409 1849 456 domesti-

251 492 332 525 cae
371 493 513 525 sucus
551 478 823 540 cyathorum
861 479 1007 524 trium
1037 492 1143 524 cum
1174 479 1271 524 vini
1301 477 1394 524 albi
1423 477 1634 525 calefacti
1662 478 1849 525 hemina
1913 517 1930 547 ἲ

251 548 387 595 datus
433 554 480 595 et
524 547 615 595 olei
659 549 899 594 semuncia
945 547 1148 594 detrahit
1191 549 1408 609 pituitam
1461 554 1507 594 et
1553 547 1715 611 bilem,
1767 549 1849 596 sed
1872 552 1930 623 5ξ

251 623 456 680 oportet,
506 617 678 679 quibus
721 618 811 664 hoc
856 619 1180 679 purgatorium
1218 618 1376 680 datur,
1421 624 1475 664 ut
1510 624 1672 679 postea
1711 633 1849 680 quam

250 687 507 749 plurimum
552 687 863 734 deambulent.
929 687 1196 734 Damasonii
1240 687 1372 734 radix
1417 687 1620 735 detrahit
1660 702 1849 735 sursum
1923 710 1930 740 .-

250 757 565 819 deorsumque
595 759 812 819 pituitam
842 763 981 819 atque
1012 757 1153 804 bilem
1186 763 1233 805 et
1263 772 1319 804 ex
1349 759 1456 804 vino
1489 764 1535 804 et
1557 772 1677 819 aqua
1700 757 1850 805 mulsa

250 828 376 891 data3
408 828 490 874 sed
522 829 563 874 si
591 841 677 888 per
708 827 843 874 sellas
877 828 1021 889 aliqui
1050 829 1196 888 magis
1226 827 1426 874 voluerit
1446 830 1652 891 purgari,
1683 842 1849 875 sucum

251 903 421 960 sumat,
462 899 502 944 si
546 911 734 944 sursum
779 912 965 960 versus,
1008 898 1191 944 radices
1237 899 1338 944 eius
1383 899 1593 958 accipiat.
1666 897 1930 944 Veratri102

250 969 375 1029 nigri
410 967 584 1014 radicis
622 966 663 1013 X
701 969 910 1014 semissis
948 973 995 1014 et
1033 969 1133 1014 eius
1163 969 1302 1014 tertia
1332 969 1485 1028 portio
1515 973 1625 1028 pota
1655 982 1711 1014 ex
1743 969 1849 1014 vino

248 1052 386 1098 passo
431 1052 516 1099 per
561 1037 696 1083 sellas
741 1037 945 1084 detrahit
989 1037 1152 1100 bilem3
1195 1039 1369 1084 veratri
1412 1051 1522 1083 vero
1569 1051 1711 1084 sucus
1757 1037 1850 1084 albi

249 1108 305 1154 ad
344 1121 610 1154 mensuram
651 1107 831 1153 denarii
865 1108 1006 1154 unius
1045 1113 1185 1168 potus
1216 1122 1272 1153 ex
1303 1121 1440 1168 passo
1478 1106 1682 1153 detrahit
1710 1108 1849 1168 pitui-

249 1184 343 1224 tam
374 1182 421 1223 et
450 1191 535 1238 per
566 1178 791 1222 vomitum
823 1182 870 1223 et
899 1191 984 1238 per
1016 1176 1165 1223 sellas.
1210 1175 1496 1239 Chamelaea,
1527 1191 1645 1238 quae
1676 1177 1850 1224 dicitur

248 1249 389 1293 restis
413 1246 575 1309 olivae,
601 1261 767 1308 aquam
792 1246 1010 1309 detrahit,
1033 1246 1216 1293 calfacit
1239 1248 1362 1292 enim
1385 1246 1661 1309 plurimum3
1688 1247 1847 1294 eadem
1872 1257 1912 1290 15

247 1316 442 1378 prodest
477 1316 748 1378 hydropicis
782 1323 829 1363 et
859 1316 1168 1378 elephantiam
1198 1316 1494 1379 habentibus,
1532 1318 1571 1363 si
1610 1318 1715 1378 quis
1746 1318 1848 1363 eius

247 1388 440 1433 seminis
486 1400 629 1447 grana
673 1400 870 1433 numero
908 1385 993 1432 XX
1038 1386 1220 1433 dederit
1261 1401 1315 1433 ex
1354 1401 1473 1448 aqua
1509 1386 1677 1449 mulsa;
1725 1388 1845 1433 eius-

247 1457 354 1503 dem
386 1456 493 1503 folia
527 1463 688 1503 tenera
718 1457 829 1503 trita
860 1463 906 1503 et
936 1458 985 1502 in
1008 1456 1220 1517 globulos
1244 1457 1431 1503 redacta
1454 1471 1621 1518 aquam
1643 1463 1846 1520 movent,

247 1528 288 1573 si
319 1528 424 1588 quis
456 1541 507 1572 ea
538 1541 623 1587 per
653 1541 792 1572 anum
822 1527 1058 1588 iniecerit3
1096 1533 1295 1588 prosunt
1329 1528 1452 1573 enim
1485 1533 1531 1572 et
1561 1526 1617 1572 ad
1649 1526 1845 1573 duritias

245 1598 423 1643 ventris
460 1596 679 1643 laxandas
717 1602 765 1642 et
801 1596 857 1642 ad
895 1595 1084 1642 morbos
1121 1598 1388 1642 interaneos
1426 1595 1738 1657 depellendos.
1868 1606 1911 1636 20

387 1666 607 1727 Purgatio
645 1667 838 1728 ventris,
876 1681 994 1728 quae
1032 1666 1143 1712 facit
1180 1666 1236 1712 ad
1273 1665 1540 1712 lumborum
1579 1666 1763 1712 dolores
1799 1673 1847 1713 et

245 1737 302 1783 ad
348 1738 557 1783 omnium
602 1735 804 1782 febrium
849 1736 1084 1782 molestias
1130 1735 1445 1798 depellendaS,
1495 1737 1665 1796 accipit
1707 1736 1844 1783 haec:

246 1807 519 1853 Scamoniae
545 1806 583 1852 X
606 1805 704 1867 IIII,
734 1808 908 1852 veratri
937 1808 1080 1868 nigri,
1105 1807 1247 1867 anesi,
1277 1806 1507 1868 afronitri,
1533 1806 1667 1852 nardi
1692 1805 1843 1867 Syria-

245 1892 340 1939 cae,
372 1878 538 1939 casiae,
569 1878 784 1939 cinnami,
816 1876 1108 1937 singulorum
1138 1875 1184 1921 X'
1208 1875 1366 1938 binos3
1397 1875 1567 1922 dantur
1596 1875 1710 1922 haec
1735 1877 1843 1922 trita

245 1956 292 1993 et
334 1948 478 1993 mixta
523 1961 630 1993 cum
668 1961 814 2007 aquae
852 1946 1030 1993 mulsae
1067 1946 1275 2008 hemina,
1321 1945 1457 1992 datur
1494 1945 1731 1992 interdum
1767 1945 1841 1992 vel
1865 1958 1906 1990 25

244 2031 300 2063 ex
339 2023 470 2063 aceto
507 2016 580 2062 vel
618 2031 674 2063 ex
711 2016 847 2063 melle
886 2017 956 2063 vel
995 2031 1051 2062 ex
1086 2031 1205 2077 aqua
1236 2015 1352 2079 sola,
1390 2015 1534 2077 abigit
1565 2016 1700 2062 etiam
1733 2030 1842 2062 con-

243 2092 434 2147 ceptum
472 2086 657 2133 feminis
694 2086 1059 2148 praegnantibus
1098 2086 1269 2132 datum.

383 2156 605 2216 Purgatio
644 2158 821 2202 ventris
859 2156 1003 2203 altera
1033 2158 1122 2202 sic:
1161 2155 1431 2202 Scamoniae
1462 2153 1501 2200 X
1531 2153 1629 2215 XII,
1666 2155 1840 2201 veratri

242 2228 366 2287 nigri
404 2226 443 2272 Χ
474 2225 595 2288 XVI,
642 2228 768 2273 croci
806 2225 845 2271 X
885 2226 940 2287 V,
987 2240 1168 2288 myrrae
1207 2225 1247 2271 X
1284 2224 1383 2287 VII,
1428 2225 1631 2270 cinnami
1667 2223 1707 2269 X
1745 2223 1839 2286 VII,

240 2297 430 2357 panacis
468 2296 508 2342 X
538 2295 654 2359 VIII,
690 2298 868 2358 piperis
905 2295 945 2342 X
976 2295 1026 2359 V,
1065 2297 1281 2343 afronitri
1317 2294 1356 2340 X
1387 2293 1465 2356 vl,
1502 2295 1612 2340 trita
1645 2294 1759 2339 haec
1792 2300 1838 2339 et
1860 2307 1905 2338 30

240 2368 289 2412 in
333 2366 575 2428 pulverem
621 2366 808 2412 redacta
852 2366 989 2412 melle
1035 2370 1421 2426 consparguntur.
1488 2363 1633 2409 Datur
1671 2377 1727 2409 ex
1764 2362 1839 2409 his

242 2435 282 2481 X
312 2436 331 2482 I
364 2435 394 2482 S
434 2451 489 2483 ex
528 2451 674 2497 aquae
713 2436 907 2496 frigidae
945 2436 1017 2482 vel
1055 2436 1229 2483 calidae
1267 2433 1444 2496 cyathis
1481 2433 1646 2479 tribus.

347 2536 351 2540 -
385 2506 454 2552 Ad
492 2514 704 2553 ventrem
734 2506 981 2552 laxandum
1013 2505 1283 2553 cucurbitae
1313 2504 1544 2550 silvaticae
1576 2505 1837 2549 interaneo-

240 2590 367 2639 rum,
421 2578 702 2638 scamoniae,
754 2577 967 2622 afronitri
1025 2577 1153 2637 paria
1200 2573 1404 2636 pondera
1456 2574 1504 2618 in
1557 2587 1701 2620 unum
1747 2573 1837 2619 teri

862 167 927 175 -—-
1002 139 1103 191 318
1180 167 1240 174 -
1844 0 1930 325 ἲ

250 270 389 315 tritae
427 267 467 314 X
502 267 561 314 [ΙΙ
599 282 655 314 ex
694 267 787 314 sale
826 274 873 315 et
910 270 1076 328 exiguo
1115 273 1246 315 aceto
1285 268 1382 315 dati
1418 282 1523 327 cum
1563 283 1709 331 aquae
1747 284 1849 332 cya-

383 2743 405 2780 7
438 2738 703 2781 damasonis.
805 2742 860 2780 14
890 2737 1142 2780 chamaelea
1170 2738 1277 2790 pota
1306 2749 1432 2788 quae.
1537 2739 1586 2777 18
1616 2734 1834 2790 globolos.

241 2798 292 2835 19
325 2793 529 2836 duricias.
646 2799 698 2835 25
730 2807 846 2847 aqua.
875 2794 1032 2837 mulsa,
1148 2797 1200 2835 26
1231 2791 1355 2834 abiit.
