1898 3016
778 93 1117 144 „95-

152 229 388 271 contactae
432 223 478 268 in
525 221 736 282 globulos
781 220 1124 284 conplicantur,
1169 222 1216 267 in
1262 220 1362 267 oleo
1409 229 1626 268 excoctae
1673 223 1741 268 in-

152 293 372 353 fusaeque
416 291 609 338 auribus
655 293 810 338 statim
854 296 1064 352 prosunt.
1138 290 1254 337 Tres
1300 305 1494 337 araneae
1533 293 1740 338 viventes
1774 299 1824 336 11

149 364 198 409 in
235 361 335 408 oleo
373 362 414 407 si
450 361 661 408 ferveant
697 361 752 407 ad
791 354 947 407 focum
983 362 1160 422 positae
1198 366 1337 422 atque
1384 361 1492 407 inde
1530 361 1740 422 tepidum

150 430 340 479 auribus
377 431 501 492 quod
540 431 741 477 sufficiat
777 430 1050 493 instilletur,
1092 432 1183 477 cito
1221 430 1493 477 remediant.
1569 430 1738 477 Sevum
1774 438 1824 476 12

107 501 393 549 ονίῑυΙίηιιΠι
430 500 564 561 adipe
602 501 781 547 anseris
820 502 1015 547 mixtum
1059 500 1239 547 adiecto
1285 502 1422 547 ocimi
1468 514 1581 547 suco
1624 502 1740 561 tepi-

150 571 261 618 dum
304 570 494 617 auribus
539 571 747 617 infusum
792 571 965 631 optime
1011 576 1154 617 sanat.
1227 570 1391 616 Rafani
1437 585 1648 633 quoque,
1692 569 1737 615 id
1772 578 1822 615 13

149 647 221 687 est
255 640 425 687 radicis
463 654 579 701 quae
616 639 944 701 manducatur,
982 654 1125 687 sucus
1162 640 1348 687 infusus
1385 639 1621 686 auriculae
1659 639 1738 686 do-

148 710 261 757 lenti
297 710 530 756 infinitum
566 709 770 770 prodest.
830 709 940 755 Gari
976 709 1246 756 excellentis
1284 709 1501 771 cyathum
1535 716 1582 756 et
1619 710 1739 756 aceti
1772 717 1824 754 14

149 781 312 841 optimi
348 779 563 841 cyathum
601 786 647 826 et
677 778 826 825 mellis
864 779 1107 826 dimidium
1144 779 1361 840 cyathum
1399 793 1542 840 super
1572 793 1739 840 aquam

86 863 127 894 ιο
150 849 404 896 ferventem
446 851 494 895 in
538 848 626 895 alio
671 863 779 895 vaso
824 863 998 909 coques
1042 855 1089 895 et
1128 850 1401 910 frequenter
1439 848 1739 909 despumabis

149 919 205 965 de
242 918 431 980 pinnula
468 918 718 979 tepidoque
756 918 1060 964 medicamine
1097 933 1234 965 aures
1270 918 1503 964 inrorabis
1548 924 1595 964 et
1632 932 1738 964 con-

149 988 343 1050 chyliata
379 987 531 1035 lanula
567 988 777 1035 claudes:
814 987 943 1034 valde
981 987 1070 1034 hoc
1107 988 1367 1035 remedium
1403 990 1528 1035 inter
1559 988 1739 1049 experi-

148 1064 302 1104 menta
324 1057 552 1105 laudatur.
595 1057 783 1104 Fraxini
812 1060 1064 1104 tenerrima
1096 1059 1202 1105 folia
1232 1058 1402 1105 tundes
1435 1065 1481 1104 et
1504 1060 1738 1118 exprimes
1772 1065 1822 1102 15

149 1142 313 1174 sucum
351 1142 511 1174 eorum
549 1133 687 1188 atque
725 1127 916 1174 auribus
955 1128 1219 1174 dolentibus
1257 1127 1468 1188 tepidum
1504 1127 1737 1174 infundes.

87 1211 127 1243 15
149 1196 336 1243 Fraxini
372 1203 609 1244 recentem
647 1196 909 1259 surculum,
954 1197 1000 1243 id
1047 1203 1118 1243 est
1154 1212 1317 1244 umore
1355 1199 1547 1258 proprio
1586 1197 1738 1243 adhuc
1771 1204 1822 1241 16

148 1266 423 1327 madentem,
461 1282 517 1313 ex
554 1281 644 1313 una
682 1273 812 1327 parte
850 1268 899 1312 in
936 1267 1038 1313 foco
1076 1281 1222 1327 pones
1260 1272 1307 1313 et
1345 1281 1451 1313 cum
1490 1281 1574 1328 per
1605 1266 1738 1312 aliam

148 1341 328 1397 partem
359 1350 501 1382 sucus
531 1335 735 1398 ebulliet,
773 1337 1002 1397 suscipies
1033 1351 1138 1383 eum
1170 1336 1418 1397 diligenter
1453 1342 1499 1383 et
1530 1336 1631 1382 oleo
1663 1336 1739 1382 ad-

149 1405 245 1452 dito
283 1406 563 1466 tepefactum
600 1405 791 1452 auribus
828 1405 1086 1453 instillabis.
1147 1406 1319 1452 Cardui
1350 1407 1549 1453 silvatici
1579 1420 1738 1452 semen
1772 1414 1821 1451 17

80 1514 88 1517 γ,
149 1489 205 1520 ex
243 1474 343 1521 oleo
381 1489 554 1536 coques
590 1476 654 1521 ita
695 1474 884 1531 leniter,
929 1490 988 1522 ne
1026 1483 1210 1537 uratur,
1257 1476 1380 1537 quod
1418 1481 1580 1537 postea
1619 1475 1737 1522 cola-

85 1543 221 1590 wbis
265 1558 349 1604 per
389 1544 633 1591 linteolum
677 1551 723 1591 et
766 1545 975 1605 tepidum
1020 1546 1238 1592 infundes
1282 1546 1458 1592 dolenti
1503 1545 1738 1592 auriculae

149 1627 202 1660 ac
238 1613 403 1660 deinde
441 1614 542 1660 lana
579 1629 814 1675 purpurea
852 1614 1105 1661 obturabis.
1179 1614 1335 1678 Croci,
1375 1629 1580 1677 myrrae,
1617 1616 1737 1661 turis
1771 1623 1821 1660 18

148 1684 311 1730 uncias
356 1690 603 1744 quaternas
648 1690 863 1731 conteres
901 1690 947 1730 et
984 1685 1157 1731 adicies
1194 1685 1286 1731 mel
1321 1685 1549 1747 Atticum,
1595 1699 1737 1746 quan-

149 1758 248 1799 tum
286 1753 501 1799 sufficere
535 1756 784 1816 putaveris,
822 1769 874 1800 ac
905 1754 1151 1801 decoctum
1181 1755 1471 1801 medicamen
1501 1754 1735 1801 auriculae

149 1822 380 1868 infundes.
453 1822 707 1869 Galbanum
752 1838 858 1870 cum
903 1823 1003 1870 oleo
1048 1839 1239 1871 rosaceo
1283 1826 1532 1871 remissum
1577 1830 1624 1870 et
1665 1830 1737 1870 ter
1768 1833 1818 1869 19

86 1905 127 1937 25
151 1898 230 1938 aut
266 1898 430 1952 quater
466 1892 671 1939 infusum
709 1893 900 1940 auribus
937 1895 1054 1940 mire
1092 1893 1276 1940 dolores
1313 1893 1445 1940 tollit.
1508 1893 1736 1940 Aluminis
1767 1902 1819 1940 20

148 1960 315 2022 liquidi
349 1986 405 1993 —
433 1960 532 2023 1111,
563 1961 712 2008 mellis
746 1988 805 1996 —
831 1962 907 2025 111,
946 1965 1066 2010 aceti
1104 1966 1365 2024 quartarios
1394 1969 1514 2026 tres3
1553 1963 1735 2010 alumen

149 2045 257 2077 cum
294 2037 424 2077 aceto
461 2038 585 2078 teres
624 2038 670 2078 et
701 2032 837 2078 simul
868 2034 1020 2079 omnia
1051 2047 1315 2094 concoques
1346 2033 1401 2079 ad
1433 2035 1617 2096 tertias3
1648 2033 1736 2079 hoc

149 2100 436 2147 medicamen
473 2101 682 2162 tepidum
720 2102 955 2149 auriculae
992 2103 1198 2149 infusum
1231 2118 1319 2164 pus
1350 2104 1523 2164 optime
1554 2109 1736 2164 purgat,

150 2184 331 2216 vermes
367 2177 521 2233 necat,
565 2185 730 2232 aquam
770 2173 906 2218 etiam
946 2174 986 2218 si
1022 2173 1265 2219 intraverit
1308 2173 1477 2219 educit.
1551 2172 1733 2219 Herbae
1763 2183 1814 2220 21

87 2254 128 2286 so
150 2239 378 2302 polygoni,
416 2255 552 2301 quam
589 2255 675 2287 nos
713 2241 1030 2302 sanguinalem
1065 2241 1278 2304 dicimus,
1315 2257 1456 2289 sucus
1487 2257 1737 2302 expressus

151 2316 195 2355 et
231 2310 415 2356 infusus
450 2311 568 2356 mira
605 2311 809 2357 efficacia
847 2311 1052 2358 dolorem
1090 2311 1340 2373 ulceraque
1379 2313 1562 2358 aurium
1593 2318 1736 2358 sanat.

151 2378 303 2440 Adeps
347 2381 524 2426 anseris
569 2382 792 2427 miscetur
840 2383 968 2428 croci
1012 2396 1124 2428 suco
1169 2387 1217 2428 et
1259 2381 1347 2428 alei
1388 2383 1574 2428 contusi
1610 2396 1737 2444 suco,
1768 2390 1820 2427 22

153 2462 269 2508 quae
298 2449 450 2496 infusa
480 2449 672 2496 auribus
702 2451 1020 2498 incommodos
1051 2453 1232 2498 sonitus
1253 2452 1545 2512 tinnitusque
1577 2465 1735 2498 earum

262 2571 289 2608 4
325 2569 570 2612 remediant
611 2571 787 2624 scripsi:
829 2571 977 2612 remed
1022 2572 1071 2613 in
1112 2573 1198 2623 fine
1239 2583 1403 2623 versus,
1446 2571 1738 2614 medebuntur

153 2622 401 2685 Qornarius.
515 2630 539 2667 5
570 2627 616 2668 et
645 2625 822 2681 adipem
848 2640 930 2680 pro
960 2626 1103 2680 adipe.
1206 2632 1230 2668 6
1260 2626 1401 2668 rafini.
1511 2630 1563 2668 13
1593 2629 1736 2669 tener-

151 2678 265 2721 nmi.
360 2682 410 2721 15
439 2693 647 2725 umorem.
741 2686 791 2725 16
822 2686 867 2725 et
896 2695 974 2725 om.
1061 2687 1113 2725 27
1145 2694 1437 2737 conquoques.
1524 2687 1577 2724 29
1608 2696 1736 2735 aqua.

153 2739 204 2776 33
234 2734 534 2779 incommodis.
