1898 3016
737 121 1117 172 —169—

131 269 276 303 nuces
307 255 467 315 pineas
499 254 733 299 resinosas
764 250 814 314 V,
844 263 990 311 aquae
1021 246 1069 295 θ
1099 247 1169 310 VI,
1201 248 1349 295 mellis
1379 247 1428 294 P.
1459 246 1508 294 V.
1561 247 1726 294 Omnia

131 325 246 372 haec
282 326 331 370 in
369 337 536 384 aquam
574 321 767 369 nitidam
796 319 1029 381 infundes,
1066 319 1129 365 ita
1160 326 1213 365 ut
1243 317 1296 364 ad
1330 319 1492 364 tertias
1523 332 1725 379 coquan-

131 401 231 456 tur,
280 393 368 440 hoc
415 398 486 439 est
536 398 590 438 ut
640 389 779 438 simul
830 391 1046 436 universa
1098 387 1154 434 ad
1206 388 1473 434 trisextium
1525 389 1726 450 veniant,

131 471 292 526 postea
330 462 446 509 adde
485 475 626 523 supra
663 461 891 521 scriptum
934 457 1085 504 mellis
1128 457 1334 519 pondus,
1379 463 1433 503 ut
1477 457 1531 503 ad
1577 456 1728 503 mellis

90 553 111 585 5
133 535 318 580 veniant
348 532 646 593 densitatem3
678 529 849 591 quibus
880 527 1042 575 colatis
1073 533 1120 574 et
1149 529 1197 574 in
1227 529 1347 574 vitro
1372 526 1572 573 conditis
1597 534 1727 572 terna

131 617 267 650 mane
303 601 539 662 cocliaria,
577 607 709 647 terna
748 613 964 660 vespere,
1009 599 1090 659 qui
1127 611 1268 659 supra
1306 596 1427 643 dicta
1465 595 1727 643 valetudine

134 671 374 734 laborabit,
411 671 622 731 accipiet.

271 741 532 802 Descriptio
564 738 814 800 ecligmatii
842 737 897 783 ad
926 736 1196 798 pulmonem
1227 735 1507 782 curandum:
1538 734 1719 780 Herbae
1735 744 1814 783 104

134 811 476 873 gladiatoriciae
521 823 684 871 sucus,
727 807 813 854 lilii
857 807 1053 853 silvatici
1098 820 1261 867 sucus,
1314 803 1542 851 marrubii
1588 819 1729 851 sucus

73 901 114 932 ιο
137 882 297 943 aequis
334 880 569 926 mensuris
598 877 860 940 parabitur3
898 875 1067 923 deinde
1099 881 1325 936 quantum
1356 874 1412 920 de
1443 873 1596 920 tribus
1627 888 1728 935 spe·

136 951 296 998 ciebus
334 950 476 996 fuerit
513 950 636 1011 suci,
680 953 860 994 tantum
904 945 1055 992 mellis
1092 946 1327 1006 mittetur,
1371 945 1434 990 ita
1478 949 1531 990 ut
1567 949 1728 1004 postea

135 1022 183 1067 in
209 1021 408 1067 sextario
431 1018 573 1066 huius
601 1017 925 1080 permixtionis
955 1017 1045 1062 tria
1073 1014 1288 1062 cocliaria
1320 1013 1411 1059 olei
1432 1013 1595 1059 viridis
1625 1014 1729 1059 mit-

137 1097 317 1152 tantur3
350 1089 473 1150 quod
503 1095 597 1135 tam
621 1087 701 1134 diu
730 1092 891 1148 postea
922 1091 1166 1148 coquetur,
1198 1083 1418 1145 quamdiu
1441 1082 1731 1130 medicamen

140 1160 195 1206 ad
234 1173 501 1206 mensuram
537 1157 686 1204 mellis
723 1157 897 1218 veniat3
935 1170 989 1202 ex
1027 1154 1116 1201 hoc
1153 1156 1340 1200 ieiunus
1371 1154 1569 1214 accipiat
1598 1159 1732 1199 terna

75 1249 115 1280 15
141 1228 356 1276 cocliaria
393 1234 440 1275 et
468 1233 575 1288 post
605 1240 766 1273 cenam
799 1232 945 1286 terna,
977 1226 1058 1285 qui
1086 1223 1322 1285 pulmonis
1348 1225 1459 1269 vitio
1489 1221 1731 1268 laborabit.

279 1298 518 1345 Confectio
557 1296 792 1342 unctionis
830 1295 886 1341 ad
923 1296 1073 1356 ipsam
1108 1293 1343 1355 pulmonis
1375 1306 1582 1339 causam:
1625 1291 1726 1339 Olei
1740 1301 1815 1340 105

138 1367 290 1415 mollis
321 1365 369 1414 5*
400 1366 434 1429 I,
472 1367 644 1428 cymini
681 1365 970 1427 quartarium
1007 1363 1134 1410 lento
1171 1364 1269 1422 igni
1307 1369 1400 1409 tam
1433 1362 1512 1408 diu
1544 1375 1732 1424 coques,

139 1437 358 1499 quamdiu
405 1438 638 1498 cyminum
690 1440 1027 1496 percoquatur3
1081 1433 1203 1494 quod
1248 1438 1407 1493 postea
1461 1431 1636 1478 colabis
1687 1438 1734 1478 et

138 1507 280 1554 addes
326 1506 418 1552 olei
461 1503 812 1552 chamaemelini
854 1503 1111 1565 heminam,
1159 1501 1249 1548 olei
1293 1501 1503 1548 anethini
1550 1507 1733 1562 quarta-

76 1595 117 1626 20
139 1578 282 1638 rium,
330 1575 419 1622 olei
463 1576 590 1621 rosei
633 1574 944 1635 quartarium,
990 1572 1079 1619 olei
1123 1573 1302 1619 rutacei
1345 1572 1601 1634 heminam,
1638 1586 1733 1617 me-

140 1645 291 1693 dullae
329 1646 542 1692 cervinae
576 1645 781 1690 recentis
815 1669 870 1675 —
901 1641 977 1705 III,
1006 1642 1154 1702 adipis
1185 1643 1426 1688 anserinae
1458 1647 1597 1701 atque
1627 1655 1733 1701 por-

140 1718 270 1763 cinae
301 1716 505 1762 recentis
532 1739 592 1748 ——
618 1712 691 1776 VI,
721 1713 879 1774 butyri
908 1714 1114 1759 recentis
1145 1713 1245 1758 sine
1277 1711 1371 1757 sale
1400 1735 1470 1743 --
1496 1709 1568 1772 VI,
1599 1725 1734 1757 cerae

139 1785 342 1832 Punicae
377 1810 434 1817 —
463 1783 540 1831 III.
590 1783 715 1829 Haec
745 1784 899 1828 omnia
937 1782 991 1828 ad
1030 1796 1249 1842 vaporem
1288 1781 1438 1828 soluta
1475 1781 1735 1827 miscentur

142 1862 188 1902 et
227 1854 409 1915 quando
448 1867 586 1914 aeger
623 1854 770 1913 ungui
805 1851 966 1914 habet,
1010 1851 1144 1898 tolles
1189 1866 1245 1898 ex
1287 1866 1341 1897 eo
1384 1852 1545 1896 uncias
1583 1849 1640 1896 VI
1678 1850 1733 1896 ad

81 1944 120 1975 25
144 1925 407 1971 triduanam
445 1924 713 1969 unctionem
759 1927 806 1967 et
849 1921 991 1968 addes
1028 1921 1122 1967 illic
1161 1922 1263 1967 suci
1300 1921 1356 1966 de
1395 1921 1528 1966 faeno
1567 1934 1734 1980 graeco

144 2021 209 2027 —
240 1993 302 2056 ΙΙ,
347 1992 621 2053 febrifugiae
664 2017 722 2024 —
757 1990 819 2053 ΙΙ,
863 1991 996 2038 lactis
1033 1991 1224 2037 humani
1262 1991 1571 2051 quartarium,
1611 1989 1734 2050 quod

142 2064 212 2111 lac
251 2062 338 2110 sub
368 2062 497 2124 hora,
535 2077 625 2122 qua
656 2075 793 2122 aeger
822 2061 1103 2122 unguendus
1134 2066 1218 2123 est,
1256 2062 1469 2106 mittatur
1499 2074 1587 2105 nec
1619 2059 1736 2105 cale-

143 2134 223 2180 fiat
267 2147 371 2180 cum
420 2133 590 2179 ceteris
637 2130 905 2192 speciebus,
951 2137 997 2176 et
1040 2132 1198 2176 iacens
1243 2131 1290 2175 in
1334 2129 1454 2175 lecto
1499 2135 1736 2189 unguatur

143 2203 266 2250 lenta
305 2203 417 2248 satis
454 2215 614 2263 manu3
653 2201 734 2247 sed
766 2206 871 2246 ante
902 2200 1069 2257 lucem,
1099 2205 1345 2261 postquam
1377 2205 1550 2245 unctus
1581 2199 1737 2259 suerit,

80 2292 122 2323 30
145 2274 300 2319 statim
324 2271 394 2318 lac
418 2273 660 2318 vaccinum
684 2269 813 2316 bibat
836 2270 996 2316 eadem
1020 2269 1134 2315 hora
1164 2268 1381 2331 mulsum,
1412 2283 1505 2314 non
1537 2274 1736 2330 coctum,

144 2342 254 2389 dum
293 2341 425 2388 calet.

255 2452 282 2488 4
310 2448 437 2490 verba
466 2446 636 2499 pondus
666 2447 717 2487 ut
747 2446 803 2487 ad
832 2444 978 2486 mellis
1008 2457 1086 2486 om.
1210 2448 1233 2485 5
1265 2443 1400 2486 venit.
1524 2448 1548 2485 6
1577 2441 1737 2484 valitu-

145 2503 259 2545 dine.
348 2507 372 2544 8
405 2500 633 2555 eligmatii.
720 2506 774 2543 20
804 2501 971 2543 rutacei
1001 2501 1178 2553 scripsi:
1207 2498 1396 2540 ranacei.
1484 2502 1539 2540 24
1567 2497 1736 2553 ungari.

142 2559 298 2614 habet]
344 2559 475 2600 debet
520 2557 769 2600 Cornarius.
947 2560 999 2597 27
1047 2556 1222 2598 calefiat
1264 2556 1441 2608 scripsi:
1491 2554 1736 2598 calefaciat.

143 2620 196 2656 29
226 2613 478 2668 postquam]
509 2614 622 2666 post.
