1930 3008
719 107 815 119 ·—
892 81 994 133 323
1068 110 1135 117 —

150 211 343 260 balsami
374 218 535 272 potum
564 225 619 257 ex
644 211 750 256 vino
775 212 901 257 iuvat
923 215 1154 272 ventrem3
1186 209 1396 256 calefacit
1420 211 1544 257 enim
1568 211 1746 258 viscera

151 289 198 330 et
235 286 455 329 extenuat
492 295 544 327 ac
583 280 775 327 discutit
811 278 1096 342 inflatione83
1133 279 1326 340 prodest
1364 286 1410 326 et
1447 279 1503 326 ad
1541 280 1629 327 hoc
1669 295 1745 327 na-

151 353 381 399 sturcium
411 358 574 412 potum
606 365 662 397 ex
692 352 819 412 vin03
856 364 962 396 nam
993 355 1040 396 et
1069 348 1280 396 calefacit
1310 357 1356 396 et
1385 349 1533 396 mollit
1566 351 1762 412 viscera„

151 428 197 468 et
242 422 425 468 urinam
471 426 645 482 movet3
695 419 888 481 prodest
939 424 987 466 et
1034 413 1365 466 intestinorum
1412 418 1652 467 doloribus
1698 426 1745 467 et

107 507 128 538 5
150 490 468 538 inflationibus
507 496 554 537 et
590 491 846 551 suspirium
883 490 1099 550 reprimit
1136 496 1184 536 et
1220 494 1358 550 rupta
1395 492 1631 551 conponit.

287 560 356 607 Ad
401 567 611 607 ventrem
656 559 927 606 solvendum
965 558 1156 606 herbam
1194 558 1493 621 polypodium
1532 565 1659 606 teres
1697 566 1744 606 et
1775 569 1829 607 44

147 633 196 677 in
246 632 429 692 ptisana
480 631 636 677 ieiuno
683 629 959 676 sorbendam
1006 628 1158 692 dabis,
1211 630 1366 676 statim
1413 628 1619 677 solvetur
1665 631 1745 692 qui

147 701 394 762 acceperit.

285 770 354 816 Ad
386 769 765 830 suppressionem
796 769 973 814 ventris
1004 769 1117 815 nitri
1147 775 1194 815 et
1224 769 1400 816 cumini
1423 775 1606 815 certum
1630 768 1740 829 quid
1772 778 1825 817 45

0 867 2 876 ι
75 855 125 886 ,ιο
147 853 295 900 aequo
324 838 531 900 pondere
563 852 619 884 ex
650 837 751 884 oleo
783 837 1144 898 concorporabis
1176 843 1315 899 atque
1346 837 1454 884 inde
1484 838 1540 884 ad
1564 840 1744 899 magui-

147 908 357 956 tudinem
395 908 524 955 fabae
562 909 695 969 grani
732 909 921 954 maioris
958 908 1006 953 in
1045 922 1184 954 anum
1225 909 1404 954 inicies.

285 978 352 1025 Ad
383 985 593 1025 ventrem
624 977 904 1024 eliciendum
929 976 1113 1024 alumen
1137 977 1194 1024 ad
1217 977 1585 1038 magnitudinem
1611 976 1740 1024 fabae
1770 987 1823 1025 46

145 1048 351 1095 resolves
389 1054 435 1094 et
472 1062 559 1094 ano
596 1049 776 1109 inicies,
814 1048 970 1094 statim
1007 1061 1193 1094 omnem
1230 1047 1452 1094 duritiem
1489 1046 1673 1094 laxabit.

285 1118 355 1164 Ad
406 1118 583 1164 ventris
635 1119 882 1164 stricturas
934 1116 1176 1164 solvendas
1228 1116 1472 1164 betaceum
1519 1116 1738 1163 concides
1768 1125 1821 1165 47

39 1212 46 1218 -
82 1203 123 1234 15
145 1189 408 1235 minutatim
446 1201 552 1234 cum
588 1192 743 1233 terrae
780 1186 977 1249 modico,
1019 1187 1142 1248 quod
1181 1188 1223 1233 ei
1261 1187 1372 1233 dum
1411 1185 1624 1233 avellitur
1662 1186 1739 1233 ad-

144 1257 369 1319 haeserit,
414 1263 460 1303 et
504 1259 552 1303 in
590 1256 725 1303 ollam
763 1257 934 1304 coicies
972 1262 1018 1303 et
1055 1256 1229 1303 adicies
1265 1256 1534 1318 liquaminis
1572 1257 1740 1318 optimi

144 1333 191 1374 et
227 1327 317 1374 olei
355 1329 519 1388 optimi
562 1332 609 1373 et
646 1328 739 1373 vini
783 1332 1006 1387 quantum
1053 1327 1370 1373 aestimaveris
1419 1328 1739 1373 necessarium

143 1403 190 1444 et
219 1403 487 1458 coopertam
517 1395 651 1443 ollam
682 1410 824 1457 super
856 1395 1080 1442 carbones
1109 1410 1277 1459 pones3
1316 1396 1440 1457 quod
1472 1410 1578 1443 cum
1609 1395 1738 1442 lento

141 1467 241 1527 igni
278 1467 420 1513 fuerit
455 1472 740 1528 percoctum,
779 1467 890 1512 nitri
928 1468 1111 1513 unciam
1150 1481 1290 1513 unam
1329 1466 1398 1512 vel
1437 1466 1553 1512 duas
1587 1467 1738 1512 minu-

78 1551 121 1582 20
142 1538 275 1583 tatim
319 1549 653 1598 superspargcs
697 1541 744 1582 et
786 1541 887 1582 tum
933 1550 1098 1583 sucum
1141 1535 1272 1582 illum
1318 1536 1374 1582 de
1421 1535 1510 1582 olla
1555 1535 1627 1582 vel
1665 1537 1738 1583 ius

143 1620 249 1653 cum
287 1607 393 1653 vino
430 1605 649 1652 miscebis
688 1610 735 1652 et
771 1604 917 1652 bibes.

279 1675 338 1723 Ut
369 1682 529 1723 venter
561 1674 707 1722 Facilis
737 1676 811 1738 sit,
841 1676 955 1722 nitri
982 1674 1227 1737 perlucidi,
1257 1675 1556 1737 stafisagriae,
1583 1674 1732 1737 betae,
1763 1684 1816 1724 48

138 1745 289 1792 mellis
327 1747 450 1793 cocti
486 1745 739 1807 modicum,
784 1745 899 1792 haec
939 1744 1245 1806 permiscebis
1283 1751 1421 1806 atque
1459 1747 1507 1791 in
1545 1745 1735 1791 modum

141 1815 322 1877 collyrii
358 1815 550 1861 rotundi
586 1816 784 1861 interius
821 1816 870 1860 in
907 1829 1046 1862 anum
1083 1816 1260 1862 inicies.

77 1899 118 1930 25
282 1884 521 1931 Confectio
559 1884 667 1930 salis
705 1884 947 1931 cathartici
986 1886 1072 1932 sic:
1119 1884 1389 1931 Scamoniae
1427 1883 1602 1947 -ΙΙΙ,
1638 1885 1732 1931 zin-
1763 1894 1816 1933 49

140 1953 314 2015 giberis
355 1979 414 1987 —-
449 1953 524 2017 lII,
561 1954 822 2014 petrosilini
860 1979 923 1986 -—
957 1954 1039 2017 111,
1079 1954 1187 2001 salis
1225 1955 1502 2000 ammoniaci
1539 1980 1602 1986 —
1635 1952 1734 2016 IIII,

139 2025 346 2070 masticis
389 2050 447 2056 —
488 2023 551 2087 II,
594 2025 771 2085 piperis
815 2023 908 2070 albi
948 2050 1005 2056 -—
1049 2024 1088 2087 I,
1132 2026 1196 2071 ita
1243 2030 1293 2071 ut
1338 2025 1619 2071 scamoniam
1657 2038 1731 2070 co-

140 2107 274 2156 quaS,
321 2099 372 2140 ut
414 2095 569 2140 minus
614 2093 776 2141 laedat.
843 2093 1026 2155 Coques
1071 2095 1195 2141 enim
1237 2095 1324 2141 sic:
1371 2096 1528 2140 mittes
1565 2095 1614 2139 in
1651 2107 1730 2154 pa·

140 2170 258 2209 stam
302 2169 348 2210 et
392 2163 559 2209 deinde
605 2164 761 2210 mittes
807 2165 855 2209 in
900 2164 1110 2225 furnum,
1157 2169 1208 2210 ut
1253 2178 1359 2210 cum
1405 2178 1457 2209 ea
1503 2171 1733 2224 coquatur

77 2247 119 2278 30
142 2238 189 2279 et
240 2232 578 2294 aliquantulum
628 2232 735 2293 plus
788 2235 964 2295 mittes,
1016 2239 1068 2280 ut
1121 2249 1226 2280 cum
1278 2239 1410 2280 cocta
1462 2233 1625 2296 fuerit,
1678 2232 1734 2279 ad

138 2302 321 2363 pondus
356 2317 496 2364 supra
535 2304 763 2364 scriptum
799 2304 973 2366 veniat,
1011 2309 1058 2350 et
1094 2318 1200 2350 cum
1239 2304 1609 2365 refrigeraverit,
1648 2302 1732 2349 tol-

139 2371 206 2418 les
257 2379 304 2419 et
354 2374 420 2419 sic
472 2374 626 2419 omnia
670 2379 796 2420 teres
841 2379 887 2419 et
930 2372 1151 2420 miscebis
1203 2380 1250 2420 et
1301 2373 1356 2419 ad
1400 2372 1524 2434 quod
1576 2371 1733 2418 volue-

141 2441 206 2486 ris
262 2443 634 2490 manducandum
694 2444 743 2489 iu
804 2444 1012 2489 convivio
1064 2457 1150 2505 pro
1202 2442 1576 2504 quibuscumque
1631 2441 1733 2488 sali·

141 2509 228 2556 bus
266 2513 426 2558 uteris.

147 2705 154 2709 .
283 2677 306 2714 6
342 2672 602 2727 pulipodum
641 2679 729 2717 Im.
889 2679 911 2717 7
944 2673 1159 2729 eptisana.
1318 2679 1368 2716 13
1405 2673 1618 2716 duriciem
1657 2677 1733 2715 lm

139 2726 348 2771 duritiam
379 2733 464 2771 2m.
580 2734 631 2772 22
664 2729 967 2785 stafysagriae.

1391 2799 1477 2841 21ss
