1898 3016
756 123 1131 174 —193—

145 253 296 301 machi
332 253 441 300 facit
479 260 524 300 et
562 252 759 299 fluorem
797 252 1019 316 eiusdem,
1057 253 1256 299 maxime
1288 267 1397 299 vero
1429 267 1537 300 cum
1566 253 1741 301 infirmi

145 323 260 371 nihil
297 322 388 370 cibi
426 325 630 370 retinere
668 329 865 384 possunt
895 329 942 369 et
971 322 1197 383 quidquid
1230 322 1389 369 datum
1421 329 1491 370 est
1522 325 1739 387 reiciunt,

144 394 313 454 recipit
349 393 484 440 haec:
530 391 778 439 Mastiches
817 392 1038 440 candidae
1076 394 1283 456 unciam,
1320 393 1611 454 tragacanthi
1648 393 1740 441 albi

142 464 349 525 unciam,
400 462 680 524 Apollinaris
726 462 898 509 herbae
943 462 1114 509 radicis
1161 464 1346 509 unciam
1393 477 1545 509 unam.
1622 462 1738 510 Con-

102 545 123 578 5
146 532 359 580 tunditur
403 531 755 594 tragacanthum
802 547 908 578 cum
945 532 1123 595 radice,
1167 539 1328 594 postea
1366 533 1592 579 mastiche
1630 535 1739 580 trita

144 602 344 650 adicitur
381 609 428 650 et
464 603 708 663 reponitur
747 602 1134 649 medicamentum
1173 604 1222 649 in
1256 603 1403 649 vitreo
1433 617 1555 649 vaso.
1621 602 1738 650 Dan-

144 678 244 735 tur,
291 687 395 719 cum
435 686 551 734 opus
589 677 681 734 est,
725 671 951 719 coclearIa
990 672 1097 719 bina
1136 679 1235 734 aut,
1281 678 1422 734 prout
1463 675 1738 735 oportuerit,

142 741 247 803 plus
284 743 495 789 minusve
530 741 787 788 secundum
818 743 1043 789 vomitum
1073 743 1247 789 factum
1278 756 1330 789 ex
1366 757 1511 804 aquae
1543 743 1738 804 frigidae

144 811 322 873 cyathis
360 811 524 859 tribuS.

82 895 123 926 ιο
283 882 351 928 Ad
397 881 623 928 stomachi
666 881 874 927 dolorem
920 887 967 928 et
1011 880 1298 928 inflationem
1343 882 1603 929 remedium
1650 885 1737 930 sic:
1771 893 1822 931 16

142 949 403 998 Palmarum
435 952 651 998 denarios
675 950 814 1013 XXX,
853 952 983 997 anesi
1012 950 1051 996 X
1075 950 1173 1012 1111,
1211 953 1339 998 croci
1369 950 1409 998 X
1432 951 1487 1014 II,
1522 953 1590 1013 git
1619 951 1659 998 X
1683 951 1739 1015 II,

143 1023 263 1067 asari
310 1020 348 1067 X
378 1021 439 1084 II,
485 1022 626 1083 myrti
669 1022 829 1082 nigrae
874 1021 1094 1068 bacarum
1133 1020 1172 1067 X
1202 1020 1307 1084 IIII,
1351 1023 1558 1083 iuniperi
1601 1021 1738 1069 bacas

143 1090 407 1137 enucleatas
444 1105 640 1138 numero
678 1092 855 1151 viginti.
921 1090 1286 1138 Contunduntur
1331 1106 1545 1138 seorsum
1584 1093 1739 1139 omnia

145 1166 192 1206 et
236 1161 284 1206 in
331 1175 474 1207 unum
522 1162 907 1224 commiscentur,
953 1161 1121 1206 deinde
1166 1161 1285 1208 fiunt
1328 1161 1522 1223 pastilli,
1568 1161 1645 1208 alii
1682 1161 1739 1209 ad

82 1242 122 1274 15
144 1243 410 1276 mensuram
443 1230 634 1292 denarii,
667 1230 743 1276 alii
776 1230 831 1276 ad
863 1230 1046 1291 pondus
1077 1231 1329 1293 victoriati3
1368 1231 1538 1278 dantur
1567 1233 1738 1278 ieiunis

145 1313 200 1346 ex
238 1314 382 1360 aquae
422 1300 597 1362 cyathis
634 1300 787 1347 tribus
825 1306 904 1346 aut
942 1315 998 1347 ex
1035 1306 1258 1362 protropo
1295 1307 1465 1363 musto,
1504 1301 1629 1362 quod
1668 1307 1740 1349 est

143 1370 268 1430 passi
305 1383 465 1430 genus.

283 1438 672 1486 Medicamentum
703 1441 878 1486 siccum
910 1439 967 1486 ad
1001 1439 1228 1486 stomachi
1257 1439 1544 1487 inflationem
1582 1448 1629 1488 et
1659 1441 1737 1488 do·
1772 1452 1821 1492 1⁷

142 1508 289 1555 lorem
321 1515 367 1555 et
396 1509 611 1572 inediam,
641 1516 795 1556 movet
826 1514 872 1555 et
901 1511 1105 1572 urinam3
1143 1510 1247 1556 ideo
1286 1509 1396 1556 facit
1420 1516 1467 1557 et
1489 1510 1545 1558 ad
1570 1510 1737 1572 hydro-

80 1591 121 1622 20
143 1579 274 1639 picos
319 1586 365 1625 et
407 1580 539 1626 iecur
582 1579 753 1626 durum
795 1578 1022 1625 habentes
1071 1585 1117 1625 et
1165 1579 1220 1626 ad
1265 1581 1545 1643 auriginem,
1599 1595 1739 1642 quam

144 1648 330 1709 quidam
367 1650 563 1711 regium,
602 1649 788 1710 quidam
826 1654 1072 1710 arquatum
1109 1648 1326 1696 morbum
1364 1657 1550 1713 vocant3
1592 1651 1736 1697 refer-

142 1724 220 1764 tur
257 1719 305 1764 in
334 1718 512 1764 Musam
543 1719 809 1781 Antonium,
846 1720 1015 1780 recipit
1052 1724 1207 1765 autem
1244 1719 1382 1766 haec:
1427 1719 1564 1766 Aloes
1600 1720 1737 1767 dena-

142 1789 238 1833 rios
276 1786 326 1850 V,
364 1790 504 1850 croci,
543 1790 759 1850 cinnami,
796 1788 932 1835 nardi
969 1788 1183 1850 Syriacae
1223 1791 1390 1852 spicae,
1436 1791 1571 1852 asari,
1612 1790 1737 1852 xylo-

142 1856 349 1919 balsami,
374 1858 623 1904 mastiches
648 1857 802 1920 Chiae,
826 1858 1116 1920 singulorum
1141 1858 1356 1905 denarios
1382 1874 1540 1922 senos3
1566 1860 1737 1907 dantur
1782 1882 1785 1883 ⁷

80 1938 120 1969 25
144 1926 370 1973 coclearia
406 1926 513 1973 bina
551 1927 622 1973 vel
658 1933 791 1974 terna
829 1942 885 1974 ex
923 1942 1068 1989 aquae
1107 1928 1285 1990 cyathis
1323 1929 1490 1976 tribus.

282 1996 414 2043 Potio
461 1996 701 2043 Cosmiana
748 1997 803 2043 ad
849 2012 1034 2044 omnem
1085 1999 1323 2045 internum
1371 1998 1602 2061 dolorem,
1654 1999 1737 2046 sed
1769 2011 1821 2050 18

143 2067 253 2112 facit
290 2066 484 2113 mirifice
523 2067 579 2113 ad
618 2067 845 2114 stomachi
881 2067 1066 2114 dolores
1111 2073 1158 2114 et
1198 2068 1252 2114 ad
1292 2070 1493 2115 tussicos
1532 2076 1579 2116 et
1614 2070 1736 2131 pthi-

144 2136 264 2182 sicos
310 2137 585 2196 sanguinem
630 2143 676 2183 et
720 2151 808 2198 pus
853 2139 1103 2183 reicientes
1149 2144 1195 2184 et
1247 2138 1303 2184 ad
1354 2140 1576 2185 iocineris
1627 2141 1739 2186 vitia

142 2213 279 2267 atque
317 2206 551 2266 pulmonis
596 2212 643 2253 et
687 2207 742 2252 ad
787 2206 947 2253 lateris
985 2206 1191 2253 dolorem
1230 2222 1316 2254 nec
1354 2210 1510 2255 minus
1548 2209 1604 2255 ad
1642 2215 1736 2255 tor-

79 2287 120 2318 80
142 2277 347 2322 minosos
392 2282 438 2322 et
482 2276 749 2323 convulsam
795 2282 875 2323 aut
918 2282 1103 2338 ruptam
1147 2276 1346 2338 aliquam
1391 2284 1572 2339 partem
1619 2280 1736 2326 inte-

144 2347 371 2392 stinorum
410 2351 456 2392 et
493 2346 549 2392 ad
580 2346 915 2393 destillationes
954 2352 1000 2392 et
1031 2346 1085 2392 ad
1118 2361 1213 2409 eos,
1252 2349 1333 2408 qui
1364 2362 1578 2394 somnum
1609 2347 1736 2395 nullo

143 2415 278 2462 modo
318 2415 483 2478 capere
520 2422 740 2479 possunt;
777 2416 888 2463 facit
924 2423 971 2463 et
1007 2416 1063 2462 ad
1101 2416 1395 2479 hydropicos,
1433 2419 1578 2465 siccat
1612 2419 1737 2465 enim

143 2486 337 2532 mirifice
390 2500 491 2548 eos;
544 2488 840 2547 componitur
892 2487 980 2534 sic:
1052 2485 1198 2533 Dauci
1249 2489 1440 2534 seminis
1493 2487 1738 2535 denarium

144 2568 303 2617 unum,
340 2554 501 2602 alterci
538 2557 729 2603 seminis
767 2556 1010 2603 denarium
1047 2555 1081 2618 I,
1122 2557 1241 2603 turis
1280 2556 1523 2605 denarium
1561 2557 1581 2604 I
1613 2556 1649 2600 A
1691 2557 1736 2621 S,

49 2634 120 2679 ,35
142 2638 324 2686 myrrae
370 2625 610 2673 denarium
655 2641 823 2690 unum,
876 2628 1002 2673 croci
1047 2625 1290 2674 denarium
1327 2627 1348 2673 I
1392 2627 1429 2672 A
1477 2627 1520 2675 S.
1594 2627 1737 2675 Fiunt

286 2778 334 2814 11
367 2773 520 2815 anethi
549 2773 742 2817 Scribon.

226 2850 476 2893 mammos,
497 2859 557 2884 En.
580 2852 823 2884 Hnnnmcn.
1430 2850 1482 2888 13
