1898 3016
94 221 148 259 60

94 430 144 468 61

94 641 197 679 62’

92 852 145 889 63

90 1062 146 1099 64

89 1410 143 1449 65

87 1691 142 1728 66

86 2039 140 2077 67

85 2250 140 2288 68

86 2461 139 2497 69

794 83 1169 133 -202-

179 226 290 259 num
330 211 400 258 lac
438 216 624 258 coctum
661 211 936 272 frequenter
974 211 1115 258 bibat.
1175 212 1324 260 Rutae
1355 228 1514 260 semen
1545 228 1653 260 cum
1685 213 1778 260 sul—

178 296 297 343 pure
334 283 437 328 vivo
474 282 655 328 minore
693 286 912 328 mensura
956 282 1136 328 adiecto
1182 290 1312 330 aceto
1358 286 1588 330 conterito
1633 284 1775 345 idque

178 354 365 399 ieiunus
403 366 538 398 mane
575 357 775 414 gustam,
813 353 986 412 optime
1024 351 1270 399 adversum
1308 353 1516 400 dolorem
1546 354 1775 400 stomachi

179 423 439 483 accipieris.
487 422 803 483 Repentinum
835 421 1062 468 stomachi
1093 421 1301 469 dolorem
1332 429 1429 470 tres
1453 426 1627 484 ceputii
1651 424 1778 485 longi

178 494 365 553 purgati
402 498 448 538 et
486 490 659 552 singuli
696 506 804 537 cum
839 490 976 537 melle
1006 493 1181 553 sumpti
1211 494 1367 540 statim
1398 499 1563 540 sanant
1591 507 1776 540 necnon
1799 504 1819 536 5

179 569 226 609 et
249 568 402 609 terrae
425 561 597 608 malum
615 566 873 607 comestum
892 561 1076 608 dolores
1093 562 1320 609 stomachi
1337 563 1554 610 celeriter
1570 565 1777 624 castigat.

325 631 613 678 Solutionem
639 631 867 678 stomachi
889 632 1301 693 infirmitatemque
1333 634 1578 680 confirmat
1608 635 1681 680 ovi
1708 647 1779 680 se-

178 703 368 749 micocti
405 701 590 748 vitellus
629 707 676 747 et
713 701 858 762 gallae
895 716 1004 762 pars
1043 702 1235 748 dimidia
1270 705 1393 766 trita,
1441 705 1480 749 si
1518 709 1623 750 ante
1661 703 1777 750 duas

176 771 317 818 horas
356 786 494 832 quam
533 771 667 818 cibus
706 779 918 818 sumatur
956 773 1098 818 mixta
1133 772 1247 819 haec
1286 788 1393 819 cum
1423 775 1531 819 vino
1561 773 1776 820 haurian-

179 850 269 903 tur,
308 842 389 888 sed
420 850 577 888 vetere
609 847 656 887 et
685 841 929 903 tepefacto.
996 841 1255 889 Rancorem
1288 843 1514 890 stomachi
1545 848 1776 904 temperat
1800 855 1840 885 10

177 926 285 958 caro
332 913 520 958 vaccina
565 926 620 958 ex
665 913 761 957 vini
805 917 851 957 et
888 913 1009 958 aceti
1046 926 1192 973 aequa
1228 915 1445 973 portione
1484 913 1692 960 discocta
1730 919 1777 959 et

178 981 281 1028 cibo
321 987 518 1042 sumpta.

317 1051 608 1097 Inssationem
655 1051 884 1117 stomachi
920 1050 1084 1097 sedant
1120 1051 1339 1114 marathi,
1376 1051 1423 1097 id
1462 1058 1535 1098 est
1571 1052 1778 1115 feniculi,

178 1127 225 1167 et
256 1123 349 1182 apii
379 1121 561 1167 radices
591 1123 640 1166 in
671 1122 778 1166 vino
809 1120 913 1166 albo
945 1120 1137 1166 odorato
1168 1128 1327 1167 vetere
1358 1122 1560 1183 infusae3
1595 1121 1652 1167 de
1684 1137 1776 1183 quo

178 1193 218 1237 si
254 1192 441 1237 ieiunus
480 1192 584 1251 quis
617 1189 806 1252 cyathos
839 1190 957 1236 duos
986 1196 1117 1251 potet
1149 1205 1256 1237 cum
1292 1190 1466 1238 calidae
1498 1206 1643 1252 aquae
1675 1207 1775 1254 cya-
1799 1203 1840 1234 15

177 1261 258 1307 tho
303 1263 495 1322 mixtos,
550 1262 723 1321 optime
770 1262 1040 1321 accipietur.
1114 1260 1261 1307 Rutae
1307 1275 1493 1322 quoque
1541 1261 1777 1308 hortensis

176 1331 420 1392 paululum
458 1330 563 1377 cibo
595 1336 835 1392 sumptum
865 1330 939 1377 vel
968 1332 1016 1376 in
1047 1332 1236 1391 potione
1268 1330 1467 1377 dilutum
1499 1339 1636 1392 atque
1669 1346 1776 1393 epo-

175 1408 277 1448 tum
320 1401 586 1447 inflationes
631 1400 860 1446 stomachi
896 1402 1150 1461 conpescit.
1222 1400 1512 1447 Inflationem
1551 1401 1779 1448 stomachi

177 1473 501 1532 potentissime
525 1470 719 1517 discutit
741 1471 879 1516 fimus
903 1470 1037 1516 vituli
1059 1485 1227 1517 recens
1252 1485 1308 1516 ex
1332 1473 1439 1517 vino
1463 1473 1596 1532 potui
1620 1472 1777 1534 datus,

173 1542 263 1588 hoc
301 1547 349 1588 et
386 1540 570 1587 dolores
609 1542 710 1587 eius
746 1555 801 1586 ex
836 1540 1010 1600 frigore
1042 1548 1120 1587 aut
1150 1540 1381 1587 cruditate
1413 1541 1603 1588 obortos
1634 1543 1770 1588 mira·
1794 1552 1835 1583 20

174 1611 331 1658 biliter
368 1611 555 1657 mulcet.

314 1681 591 1727 Remedium
629 1680 874 1742 physicum
912 1694 1130 1740 magnum
1165 1679 1413 1726 adversum
1444 1680 1652 1727 dolorem
1683 1688 1775 1727 sto-

172 1751 340 1798 machi.
414 1750 465 1796 In
510 1749 680 1796 lamina
725 1755 944 1811 argentea
989 1749 1168 1796 scribes
1214 1756 1261 1796 et
1305 1750 1454 1797 dices:
1512 1751 1773 1797 Aritmatho

173 1822 306 1868 aufer
329 1820 514 1867 dolores
547 1820 775 1867 stomachi
804 1819 883 1881 illi,
909 1834 1047 1880 quem
1070 1821 1255 1881 peperit
1276 1819 1364 1866 illa.
1414 1820 1622 1867 Eandem
1644 1821 1772 1867 lami-

172 1906 280 1938 nam
324 1891 427 1937 lana
473 1892 571 1936 ovis
615 1892 744 1936 vivae
789 1889 1044 1936 involutam
1091 1889 1208 1936 collo
1254 1890 1310 1936 de
1355 1890 1462 1936 licio
1513 1891 1772 1951 suspendes
1796 1902 1836 1934 25

173 1967 220 2008 et
264 1961 311 2007 id
357 1974 498 2021 agens
544 1960 693 2007 dices:
752 1960 896 2007 Aufer
933 1959 1047 2006 mihi
1086 1959 1157 2005 vel
1193 1959 1261 2005 illi
1298 1959 1526 2006 stomachi
1567 1960 1775 2007 dolorem

172 2031 445 2078 Aritmatho.
494 2030 713 2076 Dolorem
737 2036 784 2076 et
805 2029 1093 2076 inflationem
1117 2029 1345 2076 stomachi
1368 2036 1499 2076 sanat
1522 2032 1654 2076 iecur
1676 2030 1776 2091 lupi

172 2103 305 2162 prius
342 2115 462 2161 aqua
499 2107 707 2163 coctum,
753 2115 860 2147 mox
906 2100 1163 2146 arefactum
1208 2106 1255 2146 et
1298 2101 1462 2146 tritum
1499 2102 1773 2161 potionique

172 2172 453 2233 inspersum.

312 2239 571 2286 Fastidium
618 2239 848 2286 stomachi
891 2239 1065 2286 relevat
1109 2253 1309 2300 papaver
1361 2238 1593 2302 silvestre,
1648 2239 1772 2301 quod
1795 2250 1837 2282 30

173 2310 345 2357 Gallice
384 2310 676 2356 calocatanos
715 2309 902 2372 dicitur,
940 2311 1104 2356 tritum
1144 2314 1190 2355 et
1220 2323 1276 2354 ex
1306 2308 1423 2355 lacte
1455 2323 1662 2370 capruno
1693 2324 1773 2371 po-

172 2382 243 2427 tui
280 2381 453 2427 datum.

313 2449 558 2511 Epithema
587 2450 815 2510 optimum
840 2449 895 2495 ad
921 2447 1213 2495 stomachum
1235 2447 1539 2494 reficiendum
1563 2449 1771 2510 mihique

172 2522 551 2581 expertissimum
589 2520 837 2566 conficitur
875 2520 964 2565 sic:
1001 2517 1221 2580 MasticiS,
1259 2519 1392 2580 turiS,
1429 2518 1565 2564 nardi
1602 2520 1772 2582 spicae,

315 2630 335 2666 1
370 2626 557 2679 sulpore.
661 2630 687 2666 4
718 2624 925 2678 caeputii.
1029 2629 1054 2666 8
1085 2622 1240 2666 vitelli.
1342 2624 1488 2667 tritae.
1589 2628 1612 2665 9
1644 2625 1769 2678 cybo.

172 2681 412 2723 auriantur.
495 2685 547 2722 13
580 2681 763 2723 sedeant,
794 2684 869 2722 Im
899 2679 1056 2722 sedant,
1085 2682 1176 2721 2m.
1273 2683 1324 2721 15
1357 2680 1538 2735 cyatho]
1572 2681 1768 2735 cyathos.

174 2742 224 2780 17
255 2737 496 2791 paulolum.
614 2741 667 2778 20
699 2736 892 2778 obortus.
1008 2740 1060 2777 27
1093 2734 1280 2778 ariotho.
