1898 3016
742 96 1124 147 —189—

135 228 304 290 inludi,
347 228 426 289 qui
466 241 613 288 usque
653 241 707 272 eo
746 226 831 273 hac
870 224 1079 272 molestia
1118 230 1365 286 vexantur,
1403 231 1455 270 ut
1492 223 1729 271 interdum

137 306 183 345 et
213 300 331 345 vitae
362 296 624 358 periculum
655 295 842 358 adeant3
873 301 945 342 est
975 296 1099 341 enim
1124 295 1286 341 vitium
1311 308 1404 340 non
1428 300 1729 341 contemnen-

137 367 269 430 dum,
313 368 511 414 maxime
557 368 604 413 in
649 380 875 427 processu
919 366 1098 412 aetatis.
1172 363 1352 419 Quibus
1398 363 1603 410 dandum
1640 365 1731 410 erit

137 437 527 484 medicamentum
572 437 783 497 proximo
828 435 902 482 die
947 436 1047 482 eius
1092 435 1263 497 noctis,
1310 448 1401 495 qua
1446 433 1730 481 incubonem

94 527 114 560 5
137 507 431 569 pertulerint,
462 521 569 553 cum
598 504 892 552 intervallum
923 519 948 551 a
979 518 1140 551 somno
1171 503 1370 551 fecerint
1392 510 1439 550 et
1462 503 1587 565 quod
1618 504 1730 550 satis

137 579 198 625 sit
235 576 645 624 deambulaverint.
709 574 818 621 Dari
847 574 987 621 debet
1016 589 1071 621 ex
1103 588 1263 638 aquae,
1299 575 1349 620 in
1381 588 1472 635 qua
1500 573 1731 635 hysopum

137 655 216 695 aut
245 646 536 694 marrubium
567 646 710 692 fuerit
738 646 988 702 incoctum,
1027 643 1204 706 cyathis
1243 649 1465 706 quattuor
1496 643 1568 690 vel
1599 645 1731 704 quin-

139 732 229 779 que
267 717 322 764 ad
361 716 543 778 pondus
582 715 763 762 denarii
799 716 938 761 unius
976 714 1048 760 vel
1079 715 1324 775 victoriati,
1366 719 1506 775 prout
1544 727 1621 760 res
1651 719 1733 760 aut

137 793 264 834 aetas
295 785 618 849 postulaverit3
649 784 816 831 deinde
844 791 951 845 post
980 784 1118 830 horas
1151 790 1247 830 tres
1278 782 1350 830 vel
1380 789 1600 845 quattuor
1632 797 1732 830 cre-

76 877 115 907 10
139 871 239 904 mor
277 858 484 919 ptisanae
522 861 602 902 aut
639 854 781 901 altera
819 853 1014 901 sorbitio
1052 853 1166 900 levis
1204 853 1354 900 detur.

278 926 409 973 Facit
454 925 544 972 hoc
588 925 980 972 medicamentum
1025 923 1080 970 ad
1126 937 1228 986 θος,
1280 936 1481 984 quorum
1533 921 1734 969 musculi

140 996 401 1044 maxillares
439 1009 546 1042 cum
582 996 783 1041 maximo
816 994 975 1040 dolore
1006 994 1129 1040 tensi
1160 999 1270 1040 sunt
1307 993 1436 1054 adeo,
1466 998 1520 1039 ut
1550 993 1733 1054 aperire

141 1082 193 1114 os
230 1066 356 1114 nullo
393 1065 530 1112 modo
566 1067 768 1127 possint3
806 1071 996 1111 tetanon
1033 1063 1122 1110 hoc
1160 1064 1323 1109 vitium
1357 1062 1523 1109 Graeci
1559 1062 1733 1109 dicunt.

141 1136 255 1184 Item
302 1137 410 1183 facit
454 1135 510 1181 ad
557 1135 851 1196 depravatam
904 1134 1065 1179 faciem
1118 1134 1166 1179 in
1220 1132 1490 1179 utramlibet
1539 1138 1734 1194 partem,

79 1224 119 1255 15
143 1208 338 1268 cynicon
376 1219 592 1267 spasmon
628 1204 717 1251 hoc
753 1203 894 1250 iidem
933 1202 1164 1264 appellant
1202 1217 1350 1263 genus
1388 1201 1558 1264 morbi3
1603 1216 1733 1263 prae-

143 1278 279 1337 cipue
317 1290 425 1322 vero
464 1274 519 1321 ad
557 1275 762 1335 pectoris
800 1273 1052 1334 laterisque
1091 1272 1274 1319 dolores
1312 1272 1504 1333 prodest
1534 1286 1591 1318 ex
1623 1286 1734 1333 qua-

142 1345 255 1392 libet
299 1360 438 1393 causa
484 1345 628 1391 factos
667 1345 762 1390 sive
801 1343 963 1389 latenti
1001 1344 1096 1388 sive
1135 1342 1397 1401 manifesta,
1442 1349 1495 1388 ut
1531 1356 1587 1387 ex
1626 1355 1736 1388 casu

142 1415 296 1477 aliquo
327 1422 407 1462 aut
437 1428 578 1476 supra
607 1415 730 1460 vires
761 1419 808 1460 et
839 1426 979 1474 supra
1008 1412 1198 1459 modum
1230 1411 1449 1473 ponderis
1473 1412 1734 1473 portatione

143 1485 215 1532 vel
252 1500 307 1532 ex
346 1486 642 1547 contusione,
686 1497 804 1544 quae
846 1483 1116 1543 frequenter
1153 1481 1487 1542 gladiatoribus
1525 1481 1735 1528 accidere

79 1571 120 1602 20
143 1557 191 1602 in
229 1554 603 1617 praelusionibus
641 1552 772 1599 solet.
838 1551 933 1598 Nec
978 1553 1133 1598 minus
1178 1565 1342 1598 eorum
1379 1552 1577 1597 maxime
1618 1552 1736 1597 sani-

143 1627 227 1672 tati
264 1626 500 1686 convenit,
546 1625 626 1685 qui
669 1622 836 1669 arbore
881 1621 970 1668 alta
1015 1621 1191 1683 delapsi
1229 1627 1340 1667 sunt
1376 1620 1448 1667 vel
1486 1620 1623 1666 scalis
1661 1621 1737 1667 de-

142 1695 289 1742 voluti
326 1702 405 1742 aut
442 1695 629 1740 excussi
665 1692 775 1739 reda
812 1691 884 1738 vel
921 1691 1157 1738 curriculo
1197 1692 1346 1737 tracti.
1422 1689 1512 1736 Sed
1550 1690 1645 1752 his,
1690 1690 1737 1736 id

144 1771 216 1812 est
246 1780 301 1811 ex
333 1763 575 1811 manifesta
607 1777 744 1810 causa
775 1763 964 1823 vexatiS‚
997 1776 1105 1808 cum
1132 1761 1252 1808 aceti
1276 1759 1453 1822 cyathis
1483 1760 1636 1806 tribus
1667 1759 1739 1806 vel

146 1840 365 1896 quattuor
410 1833 559 1879 danda
603 1834 693 1878 erit
737 1831 993 1894 antidotu83
1037 1831 1111 1877 his
1156 1845 1287 1892 vero,
1334 1832 1415 1891 qui
1456 1845 1509 1876 ex
1556 1829 1738 1877 occulta

80 1919 122 1950 25
146 1918 283 1952 causa
321 1902 547 1966 laborant,
584 1917 638 1948 ex
679 1915 796 1963 aqua
833 1901 981 1947 mulsa
1019 1900 1228 1962 proderit
1265 1900 1383 1946 data.

285 1973 531 2019 Praeterea
562 1985 812 2018 nervorum
842 1970 1135 2017 tensionibus
1166 1976 1212 2016 et
1240 1968 1639 2016 contractionibus
1674 1975 1737 2015 at-

147 2058 237 2105 que
268 2041 507 2089 doloribus
538 2040 755 2087 omnibus
784 2042 979 2087 mirifice
1010 2041 1238 2086 convenit.
1294 2038 1604 2094 Quamobrem
1630 2039 1739 2086 facit

147 2119 190 2159 et
231 2112 287 2159 ad
324 2111 551 2159 tremulos
588 2117 634 2157 et
672 2110 728 2156 ad
766 2110 1046 2157 sideratione
1084 2115 1333 2170 temptatos
1367 2108 1609 2171 utralibet3
1648 2123 1738 2155 una

148 2184 271 2230 enim
309 2196 417 2229 cum
454 2181 794 2243 contractione,
840 2180 983 2226 altera
1029 2193 1134 2226 cum
1175 2180 1451 2225 remissione
1490 2192 1740 2224 nervorum

85 2267 125 2298 30
150 2253 458 2314 conspicitur3
495 2250 742 2312 paralysim
779 2249 868 2296 hoc
906 2255 1159 2310 utrumque
1198 2249 1361 2294 vitium
1391 2247 1557 2294 Graeci
1587 2247 1740 2308 appel·

148 2323 255 2369 lant.
312 2321 382 2367 Ad
420 2321 542 2382 quod
582 2322 719 2366 etiam
757 2334 865 2366 cum
902 2320 1109 2380 correpti
1144 2323 1253 2364 sunt
1287 2317 1478 2378 prodest
1509 2331 1565 2363 ex
1595 2331 1741 2378 aquae

148 2390 324 2439 mulsae
356 2390 532 2452 cyathis
562 2389 714 2438 tribus
746 2395 1023 2451 quattuorve
1054 2388 1213 2434 datum
1247 2387 1303 2433 ad
1342 2386 1524 2448 pondus
1562 2386 1743 2433 denarii

150 2463 289 2508 unius
321 2466 399 2507 aut
422 2462 652 2507 victoriati
682 2460 884 2506 admixto
910 2459 1112 2505 castorei
1134 2457 1313 2503 denarii
1344 2458 1551 2504 semisse.
1599 2456 1741 2504 Prod-

151 2537 222 2577 est
260 2538 306 2577 et
343 2530 399 2576 ad
436 2530 731 2578 articularem
767 2528 997 2590 morbum,
1036 2541 1174 2588 quem
1206 2526 1439 2573 arthritim
1470 2525 1636 2574 Graeci
1666 2541 1742 2587 ap-

296 2698 346 2735 17
370 2694 419 2734 ut
442 2706 462 2734 e
484 2692 700 2735 Scrffiom:
724 2693 801 2734 aut
819 2692 1069 2735 Corma-ius.
1147 2693 1196 2730 18
1220 2688 1468 2743 portatione
1486 2702 1507 2731 e
1524 2687 1744 2731 Scribon.:

154 2748 322 2803 portati
354 2747 603 2792 Carnarius.
718 2752 771 2789 20
802 2747 990 2789 maxime
1021 2746 1243 2789 delendum
1271 2745 1452 2788 videtur.
