1898 3016
807 128 865 135 —
945 100 1044 151 146
1120 107 1206 136 —'

117 235 173 274 54
203 231 386 287 gantur.
454 226 622 274 Cancri
657 226 866 274 fluviales
903 227 1136 275 combusti
1172 229 1274 274 triti
1317 234 1364 275 et
1399 243 1507 276 cum
1543 228 1680 276 melle
1717 229 1793 276 ad-

200 297 344 356 positi
381 301 585 343 strumas
622 297 892 344 discutiunt.
957 296 1086 344 Idem
1122 303 1362 358 praestant
1401 303 1450 344 et
1484 306 1631 345 testae
1669 299 1793 345 echi-

113 374 167 412 55
200 379 371 411 norum
409 380 465 412 ex
502 373 634 413 aceto
671 368 808 413 tritae
846 373 894 413 et
923 367 1172 428 adpositae.
1226 366 1277 413 Si
1306 367 1507 414 volueris
1537 368 1793 431 explorare,

198 439 361 481 utrum
398 441 576 482 struma
615 437 676 482 sit
712 436 805 483 loci
832 436 973 499 illius,
1010 439 1091 497 qui
1120 436 1334 497 tumebit,
1371 443 1618 498 antequam
1649 437 1791 484 medi-

199 505 352 550 cinam
382 504 616 566 adhibeas,
646 505 928 552 lumbricum
958 511 1234 553 terrestrem
1264 506 1320 552 ad
1351 512 1583 553 tumorem
1613 506 1792 567 adplica
1815 521 1837 552 ⁵

198 579 246 620 et
289 579 452 635 postea
498 589 640 636 super
683 574 844 622 folium
886 589 1028 638 pone;
1074 577 1114 621 si
1159 581 1337 622 struma
1375 578 1484 639 erit,
1535 575 1794 623 lumbricus

198 648 325 689 terra
362 644 464 690 fiet:
502 646 541 689 si
579 658 673 690 non
710 646 801 690 erit
837 651 1030 707 struma,
1066 646 1249 706 integer
1285 651 1423 706 atque
1454 645 1658 692 inlaesus
1688 659 1792 706 per-

110 721 164 760 56
196 712 416 759 manebit.
481 713 674 774 Saepiae
711 720 832 760 testa
870 715 1181 760 minutissime
1219 721 1413 761 contusa
1450 729 1556 761 cum
1595 716 1793 776 axungia

111 791 165 829 57
197 788 357 828 vetere
404 782 596 829 subacta
641 789 687 829 et
726 785 925 844 inposita
965 786 1157 830 strumis
1193 784 1421 831 medetur.
1494 783 1792 831 Nasturcium

199 865 308 897 cum
345 850 550 898 alumine
587 855 841 908 contritum
871 853 1056 899 inlitum
1087 853 1159 899 vel
1188 855 1443 914 inpositum
1475 855 1667 900 strumis
1697 855 1792 914 opi·
1816 867 1858 897 ιο

109 929 165 968 58
197 919 437 967 tulabitur.
506 922 756 983 Talparum
794 924 943 983 capita
981 924 1132 969 recisa
1170 937 1278 970 cum
1314 930 1440 970 terra
1478 938 1560 970 sua
1598 929 1792 970 contun-

199 990 377 1037 duntur
415 997 461 1037 et
497 1005 583 1051 pro
622 991 873 1052 emplastro
904 992 1204 1054 adponuntur
1233 994 1441 1055 strumis,
1479 993 1657 1039 utiliter
1686 1007 1792 1054 pro-

194 1066 330 1122 sunt3
367 1059 426 1106 ob
465 1060 590 1121 quod
627 1060 799 1121 pastilli
835 1061 944 1108 inde
982 1062 1093 1108 facti
1128 1063 1176 1108 in
1210 1063 1377 1123 pyxide
1409 1068 1598 1122 stagnea
1627 1063 1792 1123 reponi

109 1138 164 1176 59
200 1128 387 1191 debent,
424 1137 477 1176 ut
506 1136 694 1190 praesto
730 1132 838 1192 sint,
876 1146 982 1177 cum
1021 1145 1138 1192 opus
1176 1139 1260 1177 est.
1315 1130 1423 1178 Calx
1455 1133 1554 1177 viva
1584 1146 1691 1178 cum
1721 1146 1792 1178 re-

197 1200 299 1244 sina
329 1198 505 1259 liquida
535 1205 581 1246 et
613 1200 747 1260 adipe
778 1200 910 1246 suilla
942 1199 1134 1247 subacta
1165 1206 1212 1247 et
1242 1200 1397 1247 addito
1427 1200 1563 1247 melle
1590 1202 1791 1261 inposita
1815 1213 1855 1245 15

106 1277 162 1315 60
193 1270 388 1314 strumis
435 1270 551 1328 mire
588 1269 816 1315 medetur.
882 1269 1169 1331 Ungularum
1208 1272 1483 1331 equinarum
1522 1278 1791 1317 exustarum

107 1347 161 1385 61
196 1338 315 1383 cinis
354 1352 460 1384 cum
499 1338 600 1384 oleo
631 1340 863 1399 inpositus
893 1339 966 1385 vel
996 1339 1158 1386 inlitus
1189 1341 1383 1386 strumis
1413 1339 1640 1387 medetur.
1691 1339 1791 1386 Acu

194 1421 341 1469 ossea,
379 1407 426 1453 id
458 1413 530 1454 est
560 1408 739 1468 spiculo
771 1410 994 1470 trygonis,
1033 1423 1151 1469 quae
1182 1411 1416 1471 pastinaca
1446 1409 1632 1471 dicitur,
1670 1416 1789 1456 stru-

103 1486 158 1523 62
192 1491 313 1523 mam
358 1478 546 1537 saepius
584 1492 760 1540 punge,
803 1480 959 1524 statim
1005 1480 1188 1525 arescit.
1258 1478 1327 1525 Ad
1365 1486 1589 1526 strumam
1628 1479 1789 1525 sedan·

190 1546 295 1592 dam
336 1546 448 1593 buxi
484 1553 646 1593 tenera
688 1554 734 1593 et
779 1549 979 1594 cicutam
1017 1554 1143 1594 teres
1180 1548 1252 1594 vel
1288 1548 1549 1595 contundes
1593 1555 1640 1594 et
1682 1563 1789 1595 cum
1812 1561 1854 1591 so

192 1618 391 1676 axungia
417 1615 607 1677 subiges
630 1624 676 1663 et
699 1618 747 1662 in
771 1631 923 1678 panno
958 1619 1091 1663 tenui
1120 1618 1362 1664 inductum
1395 1617 1682 1664 medicamen
1713 1617 1789 1663 ad-

22 1694 25 1697 ”
106 1695 160 1732 63
190 1699 351 1746 pones.
410 1685 624 1746 virgulas
661 1693 846 1733 teneras
884 1686 1010 1749 buxi,
1048 1687 1335 1747 manipulum
1365 1692 1579 1733 tenerum
1610 1688 1788 1733 urticae

191 1756 464 1815 unipecciae
502 1757 551 1802 in
583 1754 719 1802 ollam
748 1756 913 1802 rudem
945 1755 1235 1802 bisextialem
1266 1771 1374 1803 cum
1404 1771 1522 1817 aqua
1553 1757 1711 1802 mittes
1742 1762 1789 1802 et

190 1824 246 1870 ad
285 1825 462 1871 medias
501 1825 756 1887 decoques3
794 1832 956 1886 postea
993 1826 1050 1871 de
1088 1840 1206 1887 aqua
1242 1827 1343 1887 ipsa
1374 1825 1627 1872 dormitum
1658 1827 1789 1872 eunti

189 1900 426 1940 strumoso
464 1894 664 1942 calidum
712 1901 938 1956 quantum
982 1897 1079 1956 pati
1122 1897 1271 1956 possit
1314 1895 1597 1942 sorbendum
1641 1894 1787 1957 dabis,
1809 1908 1852 1939 25

189 1977 284 2009 non
322 1964 758 2026 transmittendum,
803 1965 885 2011 sed
931 1964 988 2011 ad
1036 1979 1142 2011 eum
1186 1965 1340 2011 locum
1387 1966 1467 2025 qui
1504 1964 1628 2011 dolet
1664 1967 1786 2011 intra

187 2047 241 2078 os
279 2034 555 2096 tenendum3
596 2041 770 2095 quanto
808 2040 962 2080 autem
1001 2034 1179 2081 diutius
1215 2041 1295 2081 aut
1331 2034 1526 2081 calidius
1565 2035 1786 2095 tenuerit,

188 2108 316 2149 tanto
349 2104 488 2149 citius
519 2103 775 2150 sanabitur.
834 2103 1018 2150 Sufficit
1048 2111 1217 2166 autem,
1247 2110 1300 2150 ut
1323 2111 1480 2150 ternas
1504 2103 1785 2150 sorbitiones

185 2171 384 2233 singulis
421 2172 639 2220 noctibus
676 2175 800 2220 intra
838 2188 889 2220 os
926 2179 1095 2220 teneat.

96 2250 152 2289 64
323 2241 611 2289 Medicamen
656 2243 711 2289 ad
759 2243 917 2289 fauces
962 2242 1191 2289 curandas
1237 2243 1325 2288 sic:
1390 2241 1539 2288 Rutae
1586 2236 1647 2308 ,pa
1686 2241 1846 2304 vl1,ao

181 2318 365 2357 mentae
414 2314 723 2375 semunciam,
776 2312 873 2358 folii
926 2314 1232 2373 semunciam,
1283 2311 1441 2357 anethi
1489 2311 1778 2373 tantundem,

179 2382 274 2440 apii
310 2381 457 2443 idem,
503 2382 690 2428 coliculi
727 2383 919 2428 seminis
965 2382 1108 2444 idem,
1155 2380 1426 2428 cucurbitae
1472 2387 1519 2427 et
1555 2380 1781 2427 marrubii

179 2450 325 2513 idem3
363 2456 491 2497 teres
529 2451 778 2512 diligenter
814 2451 930 2497 haec
967 2453 1121 2497 omnia
1158 2465 1210 2496 ac
1247 2449 1554 2511 permiscebis
1595 2456 1640 2496 et
1671 2465 1778 2496 cum

95 2527 150 2565 65
182 2532 300 2579 opus
338 2520 501 2582 fuerit,
539 2521 697 2568 fauces
735 2521 843 2567 inde
881 2528 1056 2581 tanges.
1128 2519 1243 2566 Item
1281 2519 1519 2580 pulverem
1558 2519 1614 2565 ad
1651 2519 1775 2565 idem

290 2629 314 2666 5
346 2626 574 2668 lumbrico.
698 2631 723 2669 8
755 2625 927 2680 axugia.
1059 2630 1110 2668 16
1140 2626 1268 2667 verba
1298 2625 1571 2678 Ungularum
1603 2650 1655 2655 -—-
1685 2638 1774 2666 me-

175 2679 308 2722 det-ur
336 2694 415 2723 om.
532 2687 585 2724 18
614 2682 862 2735 pastinaga.
966 2686 1020 2722 24
1050 2680 1189 2735 eunti]
1222 2681 1444 2724 adversus
1542 2685 1595 2723 28
1625 2683 1773 2722 ternos

173 2749 334 2779 sorsos.
452 2742 503 2778 32
536 2737 714 2780 culiculi
744 2737 931 2780 semenis
961 2736 1114 2779 isdem.
1229 2736 1454 2778 marruvii.
