1898 3016
90 259 142 296 13

84 1095 136 1131 14

82 1584 132 1622 15

77 2350 128 2389 16

785 149 852 157 -
901 122 1027 172 ‘234
1103 151 1161 157 —

312 247 580 309 inponenda
605 255 715 295 sunt
738 249 927 296 lienosis
951 256 998 296 et
1019 251 1217 296 maxime
1241 250 1328 314 his,
1348 265 1546 312 quorum
1570 253 1767 299 nimium

171 318 278 364 duri
309 324 355 364 et
386 319 555 365 tumidi
579 325 688 366 sunt
711 319 872 382 lienes,
903 319 1240 366 medicamenta
1262 320 1550 368 huiusmodi:
1583 321 1766 383 Sinapis

170 395 217 434 et
253 388 465 449 pyrethri
501 390 630 449 paria
666 389 872 450 pondera
911 403 967 434 ex
1005 396 1135 435 aceto
1171 391 1280 436 trita
1311 390 1590 452 chartaeque
1620 391 1766 455 inlita,

171 472 308 519 quam
346 457 476 504 horis
515 458 667 505 trIbus
704 458 926 521 habeant,
965 458 1133 505 deinde
1171 474 1279 506 cum
1310 459 1517 506 dolorem
1547 459 1763 507 intolera-

169 526 311 574 bilem
348 528 471 574 ferre
510 543 603 574 non
640 530 893 589 potuerint,
932 528 1195 575 deducendi
1233 537 1342 575 sunt
1378 531 1426 575 in
1463 529 1681 577 balneum
1718 536 1764 577 et
1786 542 1807 574 5

168 597 235 644 ibi
271 599 320 643 in
358 597 527 644 solium
565 597 766 644 calidum
803 598 1080 644 demittendi
1117 604 1163 645 et
1194 599 1379 645 fovendi
1409 601 1659 660 praecipue
1689 600 1764 646 his

168 666 296 730 lociS,
338 668 387 713 in
427 667 596 728 quibus
634 668 1026 714 medicamentum
1062 668 1330 715 habuerunt
1366 670 1643 732 inpositum,
1682 669 1764 716 sed

168 751 191 782 a
230 737 504 784 fortioribus
548 737 783 784 retinendi
827 743 937 784 sunt
981 739 1029 783 in
1076 737 1211 800 soli03
1257 738 1453 785 exiliunt
1494 741 1619 785 enim
1658 738 1765 786 sub-

166 807 275 853 inde
314 812 360 853 et
398 807 559 867 fugere
598 814 826 854 conantur
857 822 949 853 non
982 809 1267 854 sustinentes
1299 808 1552 871 fervorem3
1589 824 1614 855 a
1646 808 1762 855 solio

167 891 276 922 vero
315 877 557 937 unguendi
587 883 697 923 sunt
727 877 828 923 oleo
861 884 907 923 et
936 877 1163 940 tergendi,
1193 886 1292 924 tum
1325 884 1536 925 cerotum
1567 893 1624 924 ex
1656 893 1762 925 rosa
1785 892 1825 922 ιο

166 946 484 1006 inponendum
521 946 636 993 locis
674 948 900 1008 perustis,
946 962 1064 1008 quae
1102 947 1459 1008 insequentibus
1498 947 1684 1011 diebus,
1723 950 1763 995 si

167 1017 279 1062 satis
317 1022 480 1062 exusta
518 1016 706 1078 fuerint,
744 1018 902 1063 curari
939 1016 1123 1063 debent.

306 1085 499 1146 Pinguis
538 1086 615 1132 fici
651 1086 807 1132 aridae
846 1092 1068 1132 contusae
1107 1086 1321 1132 denarios
1360 1085 1502 1148 XXV,
1547 1089 1760 1148 capparis

165 1155 337 1202 radicis
375 1157 471 1201 sive
510 1157 700 1201 corticis
738 1155 955 1202 denarios
994 1158 1213 1218 quinque,
1252 1155 1514 1217 aphronitri
1543 1156 1761 1203 denarios

166 1230 407 1287 quattuor,
454 1225 620 1286 hysopi
664 1225 950 1272 fasciculum.
1018 1225 1222 1271 Contusa
1258 1225 1373 1271 haec
1411 1225 1547 1272 melle
1585 1232 1759 1287 tempe·
1784 1240 1824 1272 15

165 1300 351 1358 rantur,
389 1295 537 1341 donec
576 1296 724 1341 ceroti
760 1294 961 1341 habeant
997 1300 1381 1356 temperaturam,
1427 1295 1592 1341 deinde
1630 1295 1762 1342 inlita

164 1364 355 1411 linteolo
386 1379 528 1425 super
559 1364 728 1410 lienem
760 1370 1001 1425 ponuntur
1031 1371 1076 1411 et
1107 1364 1287 1411 duabus
1312 1365 1382 1411 vel
1409 1365 1606 1426 amplius
1629 1365 1759 1412 horis

164 1434 258 1481 illic
295 1434 547 1496 habentur3
587 1434 754 1480 deinde
793 1436 833 1480 is
871 1436 952 1494 qui
989 1441 1182 1481 curatur
1219 1435 1273 1481 ad
1305 1434 1541 1481 balineum
1573 1435 1761 1482 ducitur

165 1512 211 1550 et
247 1506 295 1550 in
335 1503 450 1550 solio
490 1504 638 1550 calido
677 1504 960 1564 aliquamdiu
999 1505 1194 1550 fovetur.

303 1573 526 1633 Malagma
562 1573 753 1620 lienosis
791 1573 904 1619 utile
943 1575 1031 1620 sic:
1084 1573 1227 1620 Cerae
1265 1573 1429 1620 libram
1468 1589 1628 1637 unam,
1667 1589 1758 1621 am·
1783 1589 1824 1619 20

163 1645 364 1690 moniaci
399 1649 557 1704 guttae
595 1644 810 1690 denarios
849 1643 1024 1705 decem,
1062 1643 1228 1704 lapidis
1266 1643 1389 1690 Assii
1425 1643 1567 1706 floris,
1604 1644 1651 1690 id
1690 1651 1761 1691 est

163 1715 355 1775 cineris,
394 1713 611 1759 denarios
649 1714 815 1773 viginti
853 1714 1082 1775 quinque,
1117 1712 1291 1777 balani,
1330 1728 1422 1774 quo
1461 1715 1761 1775 unguentarii

162 1789 382 1846 utuntur,
421 1783 637 1829 denarios
674 1782 796 1844 XVI,
835 1782 1013 1828 bdellae
1052 1782 1268 1829 denarios
1305 1782 1419 1844 XVI,
1459 1785 1584 1830 croci
1622 1783 1759 1830 dena-

161 1855 258 1899 rios
295 1852 400 1915 IIII,
446 1854 630 1898 resinae
667 1854 870 1913 pityinae
909 1851 949 1897 X
981 1851 1127 1914 XXII,
1173 1852 1260 1899 olei
1298 1852 1469 1899 laurini
1506 1855 1760 1900 sextarium

161 1922 402 1984 dimidum,
440 1923 561 1968 aceti
597 1921 646 1968 P.
678 1921 774 1968 1111.
826 1921 924 1968 Hoc
955 1936 1126 1982 genere
1158 1924 1454 1983 componitur
1491 1922 1594 1985 hoc,
1633 1923 1757 1984 quod
1781 1936 1821 1968 25

160 1992 390 2038 Niliacum
418 1992 642 2052 malagma
666 1992 850 2038 dicitur.
903 1992 1043 2037 Arida
1068 2006 1123 2038 ex
1147 1999 1277 2038 aceto
1302 1999 1392 2038 tam
1419 1992 1499 2038 diu
1527 1999 1757 2055 teruntur,

161 2062 309 2108 donec
355 2062 473 2108 levia
518 2062 638 2108 facta
682 2061 884 2107 habeant
927 2061 1078 2108 mellis
1124 2062 1498 2124 spissitudinem,
1545 2077 1661 2123 quae
1700 2062 1755 2108 ad

159 2133 316 2192 ignem
353 2131 573 2178 solvenda
604 2137 727 2192 sunt,
766 2146 874 2177 cum
904 2131 1004 2177 oleo
1037 2138 1083 2178 et
1114 2131 1248 2192 adipe
1278 2131 1526 2192 liquefacta
1555 2133 1604 2177 in
1637 2146 1756 2177 mor-

159 2203 329 2248 tarium
368 2216 511 2262 super
548 2203 657 2248 trita
695 2201 1028 2264 infunduntur3
1068 2201 1234 2247 deinde
1275 2203 1490 2248 universa
1527 2202 1753 2261 permixta

160 2285 267 2317 cum
306 2271 580 2332 refrigerata
619 2271 807 2333 fuerint,
846 2270 1060 2317 manibus
1099 2270 1393 2331 subiguntur.
1778 2285 1819 2316 30

299 2341 366 2387 Ad
404 2341 572 2403 lienes,
612 2342 693 2402 qui
731 2355 823 2386 non
862 2340 918 2386 ab
955 2340 1167 2402 infantia,
1214 2340 1294 2386 sed
1331 2345 1493 2400 postea
1530 2339 1751 2386 indurue-

160 2416 285 2473 runt,
316 2410 541 2470 malagma
565 2412 653 2457 sic:
688 2410 986 2472 Myrobalani,
1015 2412 1217 2472 panacis,
1247 2409 1457 2470 pyrethri
1481 2409 1636 2469 pondo
1662 2411 1754 2456 sin-

160 2479 280 2542 gula,
317 2480 511 2526 balsami
548 2482 738 2526 seminis
770 2479 810 2526 X
839 2479 894 2541 X,
933 2482 1107 2540 sinapis
1137 2479 1185 2526 P.
1218 2478 1249 2525 Ι.
1301 2478 1384 2524 His
1415 2479 1540 2525 tritis
1570 2485 1754 2526 acetum

160 2563 266 2595 acre
304 2552 529 2596 miscetur
567 2557 614 2596 et
651 2550 730 2596 diu
769 2551 1015 2610 permixtio
1060 2550 1147 2595 ista
1186 2547 1420 2608 subigitur
1458 2563 1658 2610 cumque
1698 2563 1754 2595 ex

301 2660 324 2696 3
355 2656 522 2709 pyretri
562 2655 801 2697 Corneto-ius
837 2660 885 2697 ut
921 2656 1046 2708 infra
1074 2655 1259 2707 saepius
1433 2659 1456 2696 6
1489 2653 1753 2696 demittendi

158 2711 334 2763 scripsi.-
372 2711 627 2753 dimittendi
665 2712 915 2754 Gornarius.
1089 2715 1138 2752 17
1180 2710 1466 2763 imponuntur
1496 2710 1750 2764 Stephanus.

162 2769 212 2807 18
243 2765 290 2806 in
320 2765 527 2808 balneum
558 2767 812 2820 Stephanus.
