1898 3016
57 239 114 277 40

61 517 114 554 41

63 795 118 832 42

68 1283 121 1320 43

69 1422 123 1460 44

71 1632 124 1670 45

75 2189 129 2228 46

761 128 816 134 -
897 100 1137 150 184-

285 227 353 274 Ne
399 229 644 274 cicatrices
689 235 942 289 appareant
987 229 1126 274 etiam
1172 227 1228 274 de
1275 229 1454 274 usturis
1492 235 1539 275 et
1576 235 1628 276 ut
1663 230 1747 291 pili

145 304 473 360 renascantur,
519 297 662 344 facies
707 296 796 344 tale
842 297 1154 344 medicamen:
1214 296 1363 344 Calcis
1401 299 1528 345 vivae
1572 325 1628 332 —-
1670 299 1748 364 ΠΙ,

146 368 296 429 adipis
326 369 548 429 porcinae
579 372 738 414 coctae
771 373 818 414 et
848 366 1023 414 colatae
1055 366 1222 413 libram
1245 368 1477 428 permisce
1501 375 1548 415 et
1573 377 1745 430 quanto

147 438 418 499 diligentius
455 444 556 484 tere
594 437 666 484 vel
696 437 902 484 confrica
934 443 1074 498 atque
1105 438 1153 483 in
1184 437 1374 483 modum
1405 438 1747 500 cataplasmatis

148 508 340 570 adpone.
392 507 664 570 Mastichen,
702 513 1012 569 personatam,
1051 521 1271 568 saponem
1310 506 1550 570 Gallicum,
1591 522 1791 555 ceram5

147 577 403 640 Ponticam,
442 577 598 624 oleum
627 582 776 635 vetus,
815 591 1027 637 spumam
1058 578 1239 638 argenti
1269 578 1431 639 aequis
1461 578 1748 638 ponderibus

148 647 370 695 miscebis
394 653 441 694 et
463 661 638 708 coques
670 646 725 693 ad
758 647 1109 707 spissitudinem
1141 646 1313 709 liparae
1345 653 1484 708 atque
1516 648 1623 694 inde
1655 663 1748 695 em-

148 717 377 780 plastrum
409 716 604 763 maculis
634 717 684 763 in
714 716 831 763 facie
861 716 932 763 vel
963 716 1165 778 pustulis
1196 723 1241 764 et
1268 716 1506 764 ulceribus
1531 717 1748 779 adpones.

290 787 358 834 Ad
397 786 693 848 nigredinem
730 793 776 833 et
811 786 1016 833 maculas
1055 786 1161 833 colli
1206 793 1253 834 et
1289 786 1447 833 vultus
1483 788 1750 848 purgandas

150 858 347 904 farinam
386 857 443 903 de
482 856 583 903 faba
623 871 731 903 cum
768 871 932 903 umore
969 858 1180 919 peponis,
1216 856 1263 903 id
1301 863 1374 903 est
1405 871 1517 903 suco
1549 859 1651 905 eius
1680 859 1749 905 in·
1774 871 1815 902 ιο

149 929 348 991 teriore,
392 926 614 974 miscebis
659 932 706 973 et
751 927 894 973 facies
940 926 1198 973 trochiscos
1240 931 1344 973 octo
1384 932 1431 973 et
1469 927 1665 974 siccabis
1702 929 1752 974 in

151 996 338 1060 umbra3
377 1011 433 1043 ex
472 1003 576 1043 octo
615 996 707 1043 illis
746 1003 973 1058 quantum
1011 996 1214 1043 sufficiat
1249 1003 1376 1043 teres
1414 1010 1520 1042 cum
1557 1012 1675 1058 aqua
1706 1004 1752 1044 et.

149 1066 320 1114 inlines
358 1066 562 1114 maculas
601 1073 738 1128 atque
777 1068 841 1112 ita
878 1067 1028 1113 uteris
1060 1071 1165 1112 ante
1197 1065 1429 1128 balneum,
1466 1073 1519 1112 ut
1550 1068 1754 1114 siccetur

151 1137 325 1199 inlitio,
371 1143 418 1183 et
462 1138 530 1182 sic
574 1136 878 1198 ingredieris,
925 1141 972 1182 et
1016 1150 1123 1182 cum
1168 1150 1380 1182 umorem
1425 1138 1662 1197 acceperis
1704 1138 1752 1184 in

154 1206 321 1265 calore,
359 1212 459 1253 tum
498 1205 775 1266 perfricabis
813 1212 858 1252 et
897 1205 1039 1252 elues.
1774 1221 1817 1252 15

294 1276 363 1322 Ad
401 1283 635 1322 tumorem
674 1277 769 1322 sive
806 1275 1000 1321 livorem
1039 1275 1096 1321 de
1127 1275 1244 1321 facie
1276 1274 1530 1321 tollendum
1564 1275 1754 1323 herbam

153 1345 382 1392 Rhodiam
422 1361 478 1392 ex
515 1352 646 1393 aceto
683 1347 842 1392 tritam
881 1345 1025 1391 inline
1064 1352 1109 1391 et
1141 1346 1317 1391 siccare
1355 1347 1576 1406 permitte
1615 1352 1753 1408 atque

154 1418 218 1463 ita
263 1415 380 1462 elue.
446 1415 634 1462 Urticae
681 1415 787 1462 folia
835 1421 1026 1461 contere
1068 1421 1115 1461 et
1150 1416 1251 1475 ipsa
1289 1415 1609 1462 tantummodo
1648 1431 1755 1463 cum

155 1500 268 1533 suco
308 1500 392 1532 suo
431 1485 704 1532 cohibendis
741 1484 1007 1532 tumoribus
1038 1484 1109 1531 vel
1140 1483 1380 1531 abolendis
1410 1484 1635 1532 livoribus
1666 1485 1755 1532 fre-

157 1562 357 1618 quenter
395 1555 589 1616 adpone.
1372 1550 1382 1559 “
1777 1568 1821 1599 20

297 1625 365 1671 Ad
403 1639 545 1686 genas
583 1624 772 1672 scabras
810 1631 856 1671 et
894 1625 1137 1671 cicatrices
1173 1623 1463 1671 maxillarum
1495 1624 1755 1672 remedium

159 1697 246 1742 sic:
314 1695 582 1742 Chalcitidis
635 1694 879 1742 drachmas
930 1693 1034 1757 XX,
1088 1695 1259 1755 misyos
1311 1693 1466 1740 drach.
1518 1693 1578 1755 X,
1631 1698 1757 1742 croci

158 1764 315 1812 drach.
360 1764 439 1828 VI,
483 1766 605 1811 turis
653 1765 897 1811 drachmas
934 1762 996 1827 X,
1041 1778 1224 1826 myrrae
1269 1763 1514 1810 drachmas
1550 1763 1600 1826 V,
1647 1779 1755 1826 opo-

159 1836 347 1896 panacis
371 1834 616 1881 drachmas
640 1834 690 1898 V,
721 1836 841 1881 aceti
871 1832 918 1880 S*
943 1833 994 1896 V,
1025 1833 1175 1880 mellis
1207 1834 1372 1894 optimi
1395 1831 1443 1879 8
1468 1833 1508 1879 11
1534 1833 1577 1880 S.
1628 1833 1756 1888 Quae

160 1906 284 1951 sicca
322 1911 432 1951 sunt
469 1904 639 1951 tundes
678 1911 725 1951 et
760 1906 808 1950 in
845 1903 1086 1965 pulverem
1118 1903 1303 1964 rediges
1334 1909 1380 1949 et
1410 1917 1467 1949 ex
1498 1917 1552 1949 eo
1583 1918 1757 1965 coques
1781 1916 1821 1947 25

161 1989 267 2021 cum
312 1980 443 2021 aceto
489 1980 537 2021 et
578 1980 741 2036 postea
786 1973 921 2020 melle
973 1973 1176 2020 admixto
1230 1972 1367 2019 simul
1420 1975 1572 2019 omnia
1618 1979 1758 2037 teres,

160 2044 309 2090 donec
346 2044 637 2091 sufficienter
674 2044 962 2091 medicamen
993 2044 1054 2090 sit
1084 2044 1286 2104 spissum
1319 2041 1389 2088 vel
1430 2042 1673 2106 liquidum,
1713 2051 1759 2091 et

159 2115 208 2160 in
248 2114 415 2175 pyxide
453 2129 588 2161 aerea
626 2129 773 2176 pones
812 2120 859 2160 et
896 2128 1002 2160 cum
1041 2127 1159 2174 opus
1193 2113 1348 2174 suerit,
1387 2114 1534 2158 uteris
1565 2112 1620 2158 ad
1651 2127 1756 2174 per-

161 2184 377 2244 ungenda
422 2183 494 2230 vel
539 2184 886 2251 superlinienda
934 2197 1051 2245 quae
1090 2189 1212 2229 sunt.
1285 2181 1351 2228 Ad
1391 2196 1532 2242 genas
1570 2181 1758 2229 scabras

162 2260 208 2300 et
247 2253 458 2300 scabidas
497 2261 544 2301 et
579 2260 763 2301 veteres
802 2255 1045 2300 cicatrices
1077 2252 1335 2299 remedium
1366 2253 1458 2297 sic:
1495 2252 1629 2298 Aeris
1664 2254 1758 2299 usti
1783 2265 1824 2296 3ο

162 2330 209 2370 et
253 2322 356 2386 loti,
400 2338 605 2387 myrrae,
650 2325 746 2385 opii
789 2323 1033 2370 drachmas
1077 2329 1255 2384 ternaS,
1300 2321 1505 2367 cadmiae
1542 2327 1675 2368 ustae
1714 2328 1760 2369 et

162 2394 394 2440 extinctae
440 2395 548 2440 vino
586 2393 831 2440 drachmas
869 2399 994 2454 octo3
1039 2391 1153 2438 haec
1197 2393 1244 2437 in
1288 2390 1527 2452 pulverem
1572 2391 1759 2438 redacta

163 2477 218 2509 ex
252 2478 368 2524 aqua
399 2463 587 2510 fontana
618 2463 690 2510 vel
720 2463 909 2510 caelesti
940 2469 1078 2523 teres,
1109 2461 1256 2507 donec
1283 2460 1399 2506 levia
1431 2462 1537 2521 sint,
1576 2468 1623 2508 et
1653 2476 1761 2508 cum

163 2531 394 2592 glutinosa
426 2534 614 2595 fuerint,
653 2532 939 2594 superaddes
969 2530 1119 2578 mellis
1150 2531 1313 2591 optimi
1344 2530 1606 2590 despumati
1637 2538 1761 2592 coty-

161 2600 254 2647 lam
299 2617 459 2666 unam,
505 2603 672 2649 deinde
718 2601 1013 2664 perfricando
1058 2599 1131 2646 vel
1167 2599 1360 2646 terendo
1400 2600 1761 2662 concorporahis
1783 2611 1824 2644 35

164 2673 319 2717 omnia
365 2679 411 2718 et
455 2675 503 2718 in
547 2673 715 2734 pyxide
755 2686 888 2718 aerea
931 2670 1103 2717 condes
1142 2675 1188 2716 et
1226 2684 1333 2716 cum
1371 2669 1574 2716 volueris
1611 2671 1760 2717 uteris

164 2740 219 2786 ad
259 2741 604 2802 superlinienda
644 2756 760 2803 quae
800 2747 921 2788 sunt.

1896 615 1898 626 -
1897 580 1898 584 „
1894 511 1898 536 Δ,
1894 420 1898 489 ,μ
1892 227 1898 406 ψμμ..
1868 0 1898 212 ,ἐζ-Σὲ.
