1898 3016
813 111 1156 160 ...80-

191 255 242 286 ac
288 246 447 300 postea
493 241 540 286 in
586 239 722 286 ollam
760 240 947 287 fictilem
987 255 1151 287 novam
1198 242 1497 288 coniciuntur
1536 257 1642 289 cum
1679 244 1782 304 ipso

191 316 344 372 aceto,
383 324 521 370 quam
559 309 677 356 bene
714 317 922 371 opertam
961 313 1009 356 in
1041 312 1210 371 equino
1243 317 1449 357 stercore
1481 311 1616 358 obrui
1648 327 1781 374 opor-

191 385 257 426 tet
295 386 432 440 atque
469 379 564 426 illic
602 379 764 426 haberi
802 395 885 442 per
923 380 1021 426 dies
1052 379 1152 443 XL3
1191 387 1350 441 postea
1384 381 1497 427 haec
1535 384 1781 443 permixtio

190 450 238 494 in
284 448 380 494 sole
425 450 609 495 arefieri
653 449 792 496 debet
844 464 895 495 ac
941 449 1109 496 deinde
1155 451 1244 496 teri
1289 456 1335 496 et
1382 456 1482 497 tum
1528 466 1645 512 aqua
1683 451 1780 513 plu-

190 517 297 564 viali
342 518 530 580 collyria
576 520 767 564 formari
806 521 1041 582 convenit,
1088 519 1143 565 de
1184 519 1354 581 quibus
1393 526 1438 566 et
1475 522 1635 582 inungi
1675 535 1782 568 ocu·
1806 535 1825 566 5

190 587 279 650 los,
326 594 377 634 ut
416 602 557 649 supra
595 590 822 650 scriptum
863 596 953 652 est,
992 591 1146 635 causis
1184 589 1401 650 gravibus
1439 589 1701 637 laborantes
1739 597 1785 637 et

109 657 429 718 126superlini
466 659 692 719 optimum
732 664 815 704 est.
883 658 952 705 Ad
991 658 1234 705 oculorum
1273 674 1454 706 omnem
1494 659 1700 706 dolorem
1740 667 1786 707 et

190 733 482 788 praesentem
530 734 576 774 et
620 734 825 774 veterem
870 734 916 775 et
961 728 1015 774 ad
1062 729 1304 789 caliginem
1344 735 1482 790 atque
1520 729 1785 790 albuginem

190 804 236 843 et
280 799 514 858 pruritum
562 804 701 859 atque
747 800 1006 860 antiquam,
1054 805 1104 845 ut.
1140 801 1202 844 ita
1241 799 1456 860 dixerim,
1500 801 1783 846 caecitatem.

189 866 303 912 Nam
344 875 394 913 ut
433 869 613 914 auctori
650 868 788 914 huius
827 868 1022 914 remedii
1067 868 1123 914 de
1170 870 1486 930 experimento
1525 869 1783 930 credamus,
1809 883 1847 914 10

191 936 437 983 duodecim
483 952 711 984 annorum
757 952 894 984 caeco
940 939 1062 984 intra
1106 938 1204 984 dies
1251 940 1415 999 viginti
1452 940 1601 985 visum
1647 941 1781 985 resti·

189 1008 337 1052 tuisse
384 1021 433 1053 se
478 1007 603 1054 dicit.
678 1007 860 1062 Quanto
907 1014 1060 1054 autem
1105 1010 1340 1054 recentior
1377 1008 1591 1054 valetudo
1643 1009 1784 1055 fuerit

189 1075 449 1139 oculorum,
486 1083 614 1123 tanto
653 1077 859 1123 velocius
898 1077 1140 1124 curabitur
1177 1078 1482 1124 medicamine
1524 1078 1616 1124 tali.
1683 1078 1782 1125 Col-

189 1145 301 1206 lyria
335 1146 469 1192 multi
500 1148 700 1210 generis,
738 1147 785 1193 id
818 1153 888 1194 est
920 1147 989 1193 vel
1021 1147 1180 1193 decem
1213 1148 1572 1210 confectionum,
1604 1147 1784 1209 aequali

188 1215 259 1261 vel
298 1229 494 1261 numero
527 1216 597 1262 vel
627 1216 833 1277 pondere
870 1217 1089 1263 infundes
1120 1219 1168 1262 in
1200 1217 1371 1271 ,lotium
1410 1219 1544 1278 pueri
1593 1219 1783 1279 virginis
1809 1231 1847 1262 15

189 1291 236 1331 et
272 1285 327 1331 ad
366 1287 526 1332 uncias
566 1286 773 1347 singulas
812 1286 1124 1348 collyriorum,
1157 1301 1273 1347 quae
1311 1287 1555 1350 infuderis,
1593 1293 1784 1348 septena

189 1369 329 1415 grana
375 1356 552 1416 piperis
597 1357 646 1401 in
692 1358 912 1402 mortario
958 1357 1104 1402 nitido
1151 1356 1503 1418 diligentissime
1546 1362 1690 1420 teres,
1733 1363 1784 1403 ut

187 1424 428 1485 pulverem
476 1424 831 1472 subtilissimum
881 1426 1020 1472 facias
1072 1433 1117 1472 et
1164 1441 1268 1473 cum
1318 1426 1467 1472 mellis
1505 1427 1668 1487 optimi
1706 1427 1782 1473 de-

189 1496 391 1554 spumati
436 1495 726 1542 coclearibus
771 1495 924 1542 tribus
969 1495 1187 1542 miscebis
1234 1503 1280 1542 et
1324 1498 1493 1543 iterum
1537 1496 1783 1557 diligenter

187 1570 334 1627 teres3
366 1571 527 1625 postea
559 1565 697 1611 simul
729 1565 987 1612 confundes
1019 1567 1186 1628 omnia,
1218 1566 1263 1611 id
1289 1572 1359 1612 est
1384 1565 1587 1628 collyria,
1618 1565 1781 1612 lotium
1806 1578 1846 1609 20

188 1641 234 1679 et
271 1635 406 1695 piper
443 1634 555 1680 illud
595 1649 702 1681 cum
740 1634 875 1681 melle
913 1641 959 1681 et
996 1637 1168 1681 iterum
1207 1635 1468 1681 diutissime
1508 1650 1558 1681 ac
1591 1635 1782 1696 diligen-

188 1705 366 1749 tissime
404 1711 530 1750 teres
568 1704 910 1766 collectumque
945 1705 1091 1751 nitide
1130 1706 1177 1751 in
1218 1705 1386 1766 pyxide
1418 1720 1588 1766 cuprea
1620 1720 1781 1752 recon-

187 1773 268 1819 des
307 1779 446 1834 atque
485 1789 540 1820 ex
579 1789 632 1820 eo
673 1774 927 1835 quemlibet
965 1774 1208 1821 oculorum
1247 1776 1510 1821 causarium
1548 1776 1697 1836 intuS,
1736 1776 1783 1822 id

187 1851 257 1889 est
295 1844 417 1889 intra
456 1844 631 1906 oculos,
661 1845 872 1904 inunges.
930 1844 1062 1898 Quod
1096 1846 1134 1891 si
1164 1859 1248 1906 per
1279 1851 1463 1905 tempus
1494 1844 1782 1892 medicamen

186 1915 437 1974 spissatum
482 1914 644 1976 fuerit,
696 1914 860 1960 lotium
911 1915 1092 1975 puerile
1144 1914 1333 1960 infantis
1386 1922 1610 1975 quantum
1663 1929 1780 1975 opus
1805 1926 1844 1958 25

187 1983 343 2045 fuerit,
381 1988 433 2029 ut
470 1998 599 2029 more
639 1983 819 2045 collyrii
855 1984 1083 2045 liquidum
1121 1985 1212 2045 fiat,
1250 1984 1468 2030 infundes
1506 1990 1551 2030 et
1589 1986 1656 2030 sic
1694 1984 1781 2031 sub

187 2052 294 2098 cilio
333 2058 379 2098 et
416 2053 672 2116 palpebris,
710 2054 754 2099 id
796 2061 865 2100 est
903 2055 1025 2100 intra
1063 2053 1236 2115 oculos,
1279 2055 1401 2100 sicut
1438 2053 1654 2116 diximus,
1694 2054 1780 2100 sol-

159 2121 312 2183 ,licite
350 2123 562 2183 inunges.
630 2123 728 2170 Hoc
765 2124 1072 2170 medicamine
1109 2123 1268 2170 multis
1307 2125 1638 2184 experimentis
1677 2138 1780 2184 pro-

186 2191 293 2238 bato
333 2199 514 2239 constat
551 2193 667 2239 nihil
705 2208 807 2240 esse
845 2195 1181 2255 praestantius,
1227 2194 1266 2239 si
1305 2194 1409 2254 quis
1448 2208 1501 2239 eo
1540 2199 1695 2239 castus
1734 2199 1780 2240 et

104 2271 341 2323 127purus
380 2269 551 2309 utatur.
610 2263 897 2309 Medicamen
936 2263 1229 2310 barbaricum
1262 2263 1315 2308 ad
1349 2264 1499 2308 omnis
1531 2262 1772 2309 oculorum
1802 2275 1842 2306 30

187 2346 350 2378 causas
384 2333 452 2379 vel
483 2334 700 2396 impetus,
740 2335 834 2379 sive
866 2335 959 2379 sint
990 2332 1141 2379 scabri
1174 2338 1219 2379 et
1251 2331 1483 2378 lacrimosi
1514 2335 1608 2378 sive
1641 2334 1779 2379 etiam

187 2402 466 2448 vermiculos
504 2403 704 2450 habeant
741 2409 820 2449 aut
858 2402 1108 2465 brigantes,
1147 2403 1228 2463 qui
1269 2401 1371 2447 cilia
1410 2416 1540 2447 arare
1576 2408 1622 2448 et
1652 2402 1778 2448 exul-

188 2484 347 2517 cerare
387 2472 549 2519 solent.
609 2472 661 2518 In
699 2472 834 2518 ollam
871 2472 1037 2518 rudem
1075 2473 1233 2518 mittes
1271 2478 1368 2517 tres
1400 2473 1628 2518 sextarios
1661 2473 1778 2518 aceti

187 2543 404 2587 acerrimi
450 2549 495 2588 et
541 2543 746 2605 ferrum,
798 2542 845 2588 id
899 2548 969 2588 est
1021 2541 1172 2588 clavos
1222 2547 1402 2587 veteres
1450 2542 1655 2587 minutos
1708 2540 1779 2587 vel

187 2608 273 2655 alia
321 2611 561 2657 minutalia
607 2613 719 2658 ferri
764 2617 964 2674 vetusta,
1009 2617 1056 2658 et
1100 2611 1288 2657 claudes
1337 2611 1471 2657 ollam
1518 2611 1778 2672 diligenter,
1802 2623 1842 2654 35

186 2679 460 2739 operculum
509 2683 714 2728 tenuiter
758 2681 1012 2742 pertundes
1058 2687 1104 2727 et
1148 2682 1196 2726 in
1241 2680 1319 2726 illo
1366 2681 1589 2727 foramine
1634 2695 1779 2741 pones

185 2755 266 2795 aut
304 2764 497 2796 cannam
535 2758 614 2798 aut
652 2750 923 2798 sambucum
958 2751 1252 2812 perforatam,
1284 2750 1407 2797 unde
1438 2750 1605 2797 habeat
1635 2751 1778 2812 spira-
