1898 3016
725 152 1103 201 —177—

253 279 522 349 Conpositio
567 278 839 341 ecligmatii‚
885 279 1008 340 quod
1056 279 1166 326 facit
1210 279 1265 325 ad
1304 279 1532 340 pthisicos
1570 288 1616 328 et
1657 281 1714 328 ad
1743 291 1800 330 52

115 364 210 410 eos,
249 349 419 410 quibus
457 349 615 411 pulmo
654 364 738 411 per
775 348 1134 396 destillationem
1174 363 1289 396 uvae
1320 349 1591 397 vulneratus
1622 358 1715 398 est:

115 419 202 466 Iris
246 418 455 481 Illyricae
504 444 567 452 —
606 418 645 480 Ι,
692 420 847 480 spicae
893 418 1092 466 Celticae
1137 445 1203 451 —-
1245 418 1284 482 Ι,
1332 418 1498 481 hysopi
1542 419 1716 468 Cretici

122 515 176 521 —
207 488 241 550 1,
272 503 428 535 ameos
452 515 518 521 —
542 488 597 550 ΙΙ,
630 490 813 535 resinae
844 488 1186 535 terebinthinae
1213 514 1271 521 —-
1300 489 1333 551 Ι,
1365 485 1541 551 piperis
1572 516 1631 523 —
1659 489 1714 553 ΙΙ,

50 576 72 609 s
117 559 215 606 ervi
252 560 407 605 russei
449 584 505 591 --
540 557 602 616 ΙΙ,
648 557 805 620 butyri
844 583 908 591 ——
940 557 1020 620 vl,
1064 558 1215 605 mellis
1260 558 1521 621 despumati
1565 559 1613 606 P.
1651 559 1715 606 III

115 635 162 675 et
192 654 258 661 —
290 627 423 674 V1111.
481 627 561 690 Ea,
599 642 716 689 quae
755 629 803 674 in
833 627 1074 689 pulverem
1105 628 1358 689 redigenda
1389 635 1513 692 sunt,
1544 629 1714 676 tundes

115 703 161 745 et
198 697 552 760 diligentissime
590 711 775 760 cernes,
823 699 1024 744 resinam
1070 713 1180 744 vero
1227 705 1274 745 et
1319 698 1542 760 butyrum
1587 699 1713 746 lento

114 769 220 829 igne
251 766 545 830 liquefacies3
576 773 736 829 postea
767 766 902 814 melle
933 769 1218 828 permixtum
1249 774 1399 815 totum
1428 783 1570 830 supra
1602 771 1713 816 scri-

114 844 300 899 ptarum
339 839 603 898 specierum
640 837 880 899 pulverem
917 837 1107 898 colliges
1145 844 1192 884 et
1228 837 1368 884 simul
1405 853 1712 886 commacera-

53 924 94 955 ιο
116 913 215 953 tum
246 908 293 953 in
326 906 505 954 doleolo
537 908 672 954 vitrio
703 921 904 968 repones
936 906 1175 970 utendum,
1208 921 1314 954 cum
1346 922 1459 955 usus
1491 909 1712 971 exegerit,

115 978 177 1024 ita
216 983 268 1024 ut
305 984 484 1024 mature
522 978 693 1023 ieiunis
731 983 863 1023 terna
902 976 1117 1023 cocliaria
1156 976 1341 1025 dentur.

757 1129 880 1177 CAP.
919 1129 1074 1177 XVIII.

116 1217 438 1260 Umerorum
481 1219 535 1260 et
576 1217 867 1261 cervicium
904 1218 1183 1260 doloribus
1220 1220 1274 1260 et
1311 1218 1714 1271 opisthotonicis

166 1291 221 1329 et
263 1286 485 1330 hircosis
533 1289 587 1329 et
630 1287 904 1340 unguibus
950 1289 1004 1330 et
1045 1287 1384 1340 paronychiis
1427 1287 1665 1330 remedia

199 1356 536 1400 rationabilia
566 1359 618 1399 et
647 1357 869 1410 physica
899 1356 1109 1399 diversa
1138 1357 1205 1400 de
1237 1357 1630 1411 experimentis.

256 1462 415 1510 Umeri
431 1463 637 1510 dolorem
662 1463 885 1510 mustelae
903 1470 1094 1510 exustae
1111 1465 1228 1510 cinis
1246 1465 1386 1511 tritus
1411 1470 1458 1511 et
1481 1479 1588 1511 cum
1605 1479 1712 1511 cera

116 1534 377 1594 permixtus
408 1547 460 1580 ac
492 1533 715 1580 subactus
746 1539 792 1580 et
823 1535 971 1580 ceroti
1001 1548 1130 1580 more
1154 1535 1402 1594 impositus
1427 1535 1544 1580 mire
1568 1541 1712 1581 sanat.

257 1602 324 1649 Ad
365 1604 572 1650 cervices
610 1609 656 1649 et
692 1617 944 1649 nervorum
983 1603 1164 1650 subitos
1201 1609 1281 1650 aut
1314 1609 1496 1650 veteres
1527 1603 1713 1651 dolores

55 1689 94 1721 15
118 1678 164 1719 et
201 1675 502 1719 contusiones
534 1673 923 1719 medicamentum
954 1672 1083 1719 valde
1116 1675 1447 1736 necessarium,
1485 1673 1610 1734 quod
1641 1673 1716 1720 dia

118 1748 299 1789 steaton
337 1743 520 1804 dicitur,
559 1744 647 1789 sic:
685 1742 891 1789 Masticis
921 1742 1089 1804 -ΙΙΙ,
1126 1742 1217 1789 olei
1250 1744 1376 1790 rosei
1406 1742 1586 1806 libram,
1624 1743 1716 1790 olei

117 1812 351 1872 gremialis
384 1811 601 1858 selibram
634 1813 703 1858 vel
731 1812 854 1873 quod
879 1812 1093 1873 sufficiat,
1125 1827 1260 1859 cerae
1283 1812 1503 1859 Ponticae
1534 1812 1715 1875 libram,

121 1883 218 1927 sevi
256 1882 432 1927 cervini
469 1881 649 1942 libram,
687 1881 914 1928 medullae
953 1884 1166 1929 cervinae
1206 1882 1394 1944 libram,
1431 1882 1580 1943 adipis
1613 1882 1714 1944 pul-

118 1949 239 1996 linae
271 1950 450 2013 libram,
481 1950 630 2011 adipis
661 1952 904 1998 anserinae
934 1951 1114 2014 libram,
1149 1952 1297 2013 adipis
1329 1952 1556 1999 scrofinae
1586 1951 1713 2014 P.11‚

55 2036 97 2068 20
120 2019 411 2081 faenograeci
463 2022 564 2067 suci
613 2020 871 2083 heminam,
926 2020 1009 2067 lini
1065 2022 1256 2068 seminis
1309 2023 1411 2068 suci
1464 2021 1715 2082 heminam,

118 2088 255 2136 ibisci
299 2091 401 2136 suci
444 2089 696 2152 heminam,
743 2089 1043 2137 chamaemeli
1080 2091 1374 2154 fasciculum,
1416 2091 1575 2138 anethi
1612 2107 1713 2138 sur-

120 2158 250 2205 culos
288 2158 380 2206 VII.
453 2159 676 2206 Mastiche
723 2174 830 2206 cum
874 2160 974 2206 oleo
1020 2175 1211 2207 rosaceo
1256 2163 1305 2208 in
1343 2163 1567 2208 mortario
1607 2176 1714 2208 con-

119 2235 312 2291 teratur,
351 2231 531 2290 species
570 2244 678 2276 vero
718 2243 859 2290 supra
893 2230 1068 2291 sciptae
1098 2230 1223 2277 lento
1255 2232 1361 2292 igne
1393 2230 1715 2291 decoquantur

118 2304 165 2345 et
209 2300 311 2345 suci
356 2313 461 2346 cum
508 2314 615 2346 cera
668 2313 879 2346 seorsum
931 2300 1217 2346 misceantur
1270 2306 1317 2347 et
1366 2301 1520 2347 omnia
1570 2302 1713 2347 mixta

118 2368 352 2431 colentur3
398 2370 466 2415 sic
513 2375 672 2430 postea
717 2368 940 2416 mastiche
987 2384 1094 2416 cum
1131 2369 1233 2416 oleo
1272 2371 1628 2431 supermittatur
1667 2375 1713 2416 et

262 2521 283 2557 1
314 2516 545 2569 eligmatii.
659 2522 683 2558 2
716 2516 1083 2559 destellationem.
1199 2522 1224 2558 3
1253 2516 1452 2559 illiricae.
1566 2517 1712 2572 ysopi.

120 2577 146 2613 4
182 2572 493 2615 terebentinae.
638 2577 661 2615 5
699 2573 828 2627 rysei.
979 2576 1004 2614 8
1040 2573 1269 2625 permixto.
1422 2577 1475 2615 10
1522 2573 1711 2627 exigerit

121 2631 169 2668 ut
197 2629 381 2680 saepius.

261 2684 348 2726 tit.-
378 2684 698 2738 opistotonicis.
814 2685 1025 2738 hyrcosiS.
1140 2684 1421 2738 paranichiis.

263 2743 314 2781 17
347 2740 611 2793 graemialis.
781 2745 836 2782 20
874 2755 903 2783 a
938 2741 1158 2783 vocabulis
1194 2741 1418 2795 fenogreci
1454 2741 1547 2783 suci
1583 2741 1715 2784 codex

121 2794 264 2846 deficit
291 2808 422 2849 usque
451 2797 510 2838 ad
538 2809 572 2839 c.
603 2795 695 2849 XX,
727 2801 780 2839 26
811 2795 942 2838 Cibos
972 2809 1077 2839 vero
1108 2796 1214 2839 dari.

206 2873 440 2904 MAncnnnus
451 2897 459 2913 ,
482 2881 543 2905 nn.
566 2875 810 2906 Hznmnmcn.
1411 2871 1460 2908 12

1746 1475 1767 1511 1

1743 1614 1768 1650 2
