1898 3016
773 120 1152 172 -195—

299 252 512 301 Puleium
550 253 716 299 tritum
753 249 827 297 vel
863 251 911 296 in
948 262 1067 310 aqua
1104 254 1390 295 maceratum
1426 248 1608 294 adiecto
1639 247 1762 293 aceti
1792 257 1846 296 20

160 323 349 387 paululo
387 329 435 370 et
471 329 633 384 potum
670 334 891 367 nauseam
922 317 1151 366 stomachi
1182 318 1326 365 sedat.
1385 316 1619 379 Thymbra
1651 318 1761 365 trita
1793 327 1844 365 21

162 409 269 442 cum
306 393 442 440 melle
481 397 664 453 sumpta
700 391 915 452 pituitam
955 394 1221 435 concretam
1259 390 1308 434 in
1345 394 1537 448 pectore
1584 395 1631 434 et
1669 393 1760 434 sto-

162 463 313 510 machi
344 462 645 510 collectiones
676 466 915 522 extenuat3
950 457 1244 505 marrubium
1275 472 1462 519 quoque
1493 459 1659 504 tritum
1689 456 1762 503 vel

117 548 138 580 5
162 548 303 580 sucus
348 535 448 580 eius
494 546 600 579 cum
645 529 780 577 melle
826 536 992 591 epotus
1031 528 1259 575 stomachi
1296 527 1505 574 dolorem
1543 529 1761 588 protinus

159 603 294 650 tollit.
369 602 551 650 Scordii
588 615 730 647 sucus
768 599 822 646 ad
861 612 1128 645 mensuram
1175 598 1355 644 denarii
1395 604 1535 658 potus
1575 611 1760 643 morsus
1791 606 1844 645 22

161 672 387 720 stomachi
440 671 579 734 tollit3
630 670 767 716 datur
816 670 939 715 enim
992 670 1092 714 sine
1145 668 1275 714 febre
1319 667 1651 728 languentibus
1704 681 1761 713 ex

159 742 325 804 mulso,
362 739 738 788 febricitantibus
775 753 885 785 vero
925 753 978 784 ex
1018 752 1136 798 aqua
1174 737 1338 784 mulsa.
1404 737 1567 784 Polion
1598 736 1758 799 herba,
1789 746 1842 784 23

160 826 278 873 quae
315 826 340 857 a
379 810 656 872 quibusdam
685 809 904 855 libanotis
935 807 1208 870 appellatur,
1239 809 1349 854 trita
1380 807 1453 854 vel
1483 821 1627 854 sucus
1658 808 1760 853 eius

96 896 138 927 ιο
161 896 267 928 cum
304 880 440 927 melle
477 882 629 942 tenui,
665 879 713 925 id
751 885 822 924 est
860 878 1064 939 modicO,
1100 883 1241 939 potus
1278 879 1458 923 morsui
1496 880 1672 923 ventris
1711 883 1759 923 et

159 950 455 998 stomachicis
510 949 715 1011 prodest.
789 947 1076 994 Centaureae
1127 948 1284 994 tenuis
1337 961 1479 994 sucus
1533 954 1758 1008 quantum
1791 956 1846 994 24

159 1022 284 1067 cicer
323 1035 378 1066 ex
417 1034 535 1081 aqua
573 1019 709 1066 datus
748 1017 1045 1064 stomachicis
1082 1017 1290 1078 prodest.
1349 1016 1607 1078 Origanum
1646 1031 1758 1078 quo·

160 1101 250 1151 que
287 1091 453 1139 tritum
490 1103 675 1136 morsus
714 1087 941 1134 stomachi
978 1087 1108 1134 sedat
1144 1094 1306 1147 potum
1345 1102 1402 1133 ex
1433 1101 1551 1148 aqua
1582 1087 1759 1150 tepida;

161 1159 362 1206 extrahit
399 1161 523 1205 enim
562 1164 807 1205 concretos
843 1157 1065 1218 liquores.
1117 1156 1323 1203 Prosunt
1360 1158 1499 1203 etiam
1530 1158 1757 1218 quaedam
1789 1166 1842 1205 25

98 1243 138 1274 15
160 1231 206 1275 in
245 1243 363 1289 aqua
401 1234 630 1275 macerata
661 1226 914 1288 stomacho,
953 1233 1005 1273 ut
1034 1228 1149 1288 pira,
1185 1226 1302 1272 mala
1334 1227 1542 1289 cydonia,
1579 1227 1758 1287 palmae

161 1300 362 1344 cariotae
400 1297 680 1359 Thebaicae,
716 1296 933 1358 mespila,
972 1296 1175 1357 capreoli
1213 1297 1270 1342 de
1309 1297 1420 1358 vite,
1464 1311 1597 1343 rosae
1635 1296 1758 1360 folia,

159 1381 411 1428 granorum
441 1368 610 1414 Punici
638 1366 748 1413 mali
785 1381 940 1413 sucus.
995 1366 1120 1412 Bene
1159 1366 1269 1412 facit
1306 1367 1446 1413 etiam
1485 1381 1627 1413 sucus
1664 1381 1758 1414 ma-

157 1437 311 1484 lorum
350 1437 663 1498 cydoneorum
707 1451 793 1497 per
831 1450 881 1482 se
921 1436 1148 1482 cocleario
1187 1442 1402 1498 sumptus
1440 1436 1513 1482 vel
1551 1451 1659 1483 cum
1695 1436 1757 1483 al-

158 1507 287 1567 phita
325 1513 404 1553 aut
439 1507 552 1553 alica
591 1512 671 1552 aut
707 1512 839 1566 trago
878 1514 958 1552 aut
995 1520 1143 1567 oryza.

95 1590 137 1621 20
301 1576 512 1623 Solutum
544 1582 698 1622 autem
730 1575 1020 1622 stomachum
1053 1582 1099 1622 et
1129 1578 1283 1623 omnia
1316 1579 1591 1624 reicientem
1622 1580 1756 1625 initio
1789 1589 1853 1628 26vr

160 1645 348 1706 quidem
393 1647 549 1692 curari
593 1651 777 1707 oportet
821 1651 973 1707 extra,
1018 1645 1063 1692 id
1111 1652 1182 1692 est
1219 1647 1505 1710 forinsecus,
1554 1650 1758 1709 inposita

159 1717 202 1761 ei
233 1714 408 1762 sertula
431 1715 661 1776 Campana
691 1721 822 1762 cocta
855 1730 908 1761 ex
940 1717 1047 1761 vino
1078 1721 1236 1762 vetere
1267 1723 1347 1763 aut
1379 1732 1432 1763 ex
1458 1732 1577 1779 aqua
1607 1718 1758 1765 mulsa

158 1784 230 1830 vel
259 1791 438 1846 myrteo
469 1785 570 1831 oleo
601 1786 711 1832 trita
741 1799 847 1831 cum
878 1792 1009 1831 aceto
1041 1791 1087 1832 et
1116 1800 1271 1847 myrra
1301 1801 1388 1833 nec
1419 1789 1574 1834 minus
1605 1787 1756 1835 lanam

160 1854 370 1900 sucidam
413 1854 484 1900 vel
528 1856 768 1915 spongiam
812 1860 944 1901 aceto
990 1857 1237 1902 intinctam
1282 1862 1328 1902 et
1373 1871 1641 1918 expressam
1680 1859 1760 1904 ad-

97 1932 138 1964 25
160 1925 272 1984 poni
315 1930 512 1985 oportet.
586 1923 782 1970 Faciunt
826 1923 944 1970 bene
989 1933 1035 1971 et
1079 1925 1187 1971 solia
1231 1927 1339 1972 vitis
1385 1928 1494 1973 trita
1548 1934 1593 1974 et
1637 1927 1759 1975 mala

160 1993 354 2054 cydonia
397 1995 508 2039 trita
553 2000 599 2039 et
642 1992 869 2054 palmulae
912 1996 1050 2040 tritae
1095 2001 1142 2041 et
1187 1995 1425 2056 emplastri
1473 2011 1602 2043 more
1647 2012 1755 2044 cum

158 2069 318 2109 ceroto
356 2077 412 2109 ex
449 2069 627 2124 myrteo
666 2063 767 2109 oleo
805 2063 925 2109 facto
962 2066 1179 2125 imposita
1217 2071 1263 2111 et
1300 2066 1407 2112 folia
1445 2073 1607 2113 tenera
1644 2067 1754 2113 rubi

157 2131 230 2178 vel
266 2132 452 2179 lentisci
487 2133 560 2178 vel
596 2132 864 2193 portulacae
902 2140 982 2179 aut
1018 2135 1134 2180 aizoi
1171 2149 1278 2181 cum
1315 2135 1502 2196 polenta
1542 2151 1597 2182 ex
1635 2151 1753 2197 aqua

157 2202 325 2262 frigida
356 2216 605 2263 consparsa
637 2204 853 2263 imposita
882 2210 1094 2262 prosunt.
1146 2203 1182 2249 F
1185 2206 1402 2252 ricandae
1433 2212 1589 2252 autem
1613 2216 1754 2253 erunt

94 2281 135 2312 30
156 2271 242 2318 hae
280 2272 575 2319 difficultates
615 2272 840 2318 stomachi
884 2287 970 2318 nec
1006 2274 1162 2320 minus
1201 2275 1415 2336 scapulae
1454 2275 1555 2322 oleo
1592 2281 1752 2322 vetere

156 2341 229 2387 vel
260 2341 529 2403 aliquolibet
559 2342 852 2389 calefactorio
884 2349 1136 2402 unguento.
1176 2343 1314 2391 Cibos
1345 2359 1453 2391 vero
1486 2345 1586 2391 dari
1616 2360 1752 2406 opor-

156 2417 224 2457 tet
253 2411 543 2459 huiusmodi:
579 2412 815 2474 polentam
846 2426 952 2458 cum
982 2426 1118 2473 passo
1148 2420 1373 2476 protropo
1404 2414 1474 2460 vel
1506 2430 1613 2462 cum
1643 2417 1750 2462 vino

156 2479 352 2527 Falerno
397 2481 522 2528 dulci
564 2481 637 2528 vel
680 2481 931 2528 Faustiano
977 2488 1116 2543 atque
1161 2482 1250 2530 alio
1296 2484 1505 2531 eiusdem
1543 2486 1751 2548 generis;

156 2551 267 2597 item
318 2550 587 2598 lenticulam
632 2567 738 2599 cum
783 2551 890 2598 beta
934 2552 1005 2598 vel
1050 2566 1186 2614 oryza
1228 2556 1426 2601 incoctis
1477 2553 1572 2601 illic
1616 2555 1750 2601 malis

297 2717 348 2755 31
381 2727 408 2755 α
436 2715 654 2756 voeabulz‘s
685 2714 815 2756 Cibos
847 2727 951 2758 vero
982 2715 1112 2757 codex
1141 2727 1296 2757 rursus
1323 2716 1492 2770 incipit.
1592 2721 1645 2758 33
1676 2717 1750 2759 vel

155 2766 412 2824 Faustiano]
444 2769 524 2812 clo.
558 2769 790 2812 anbioano.

1412 2841 1497 2884 13*
