1898 3016
776 139 1156 190 —183—

170 268 412 330 permittit.
485 266 574 314 Alii
618 267 798 314 decocti
844 282 960 329 aqua
1006 282 1143 315 crura
1189 267 1402 315 ulcerosa
1440 269 1631 317 adsidue
1672 270 1765 318 fota
1797 279 1850 317 25

170 337 387 384 celeriter
424 336 726 384 sanabuntur.
783 336 950 400 Herba,
989 352 1106 399 quae
1137 336 1404 385 Britannice
1436 339 1622 402 dicitur,
1661 339 1765 387 cibo
1796 349 1849 387 26

168 406 241 454 vel
270 408 402 468 potui
433 413 616 468 sumpta
647 408 768 454 intra
800 407 923 454 diem
955 413 1138 454 sextum
1166 407 1321 468 leprae
1345 408 1606 456 molestiam
1633 409 1764 457 tollit.

168 475 366 538 Lapathi
396 478 593 537 agrestis
624 476 806 523 radices
830 476 1018 524 surculo
1043 492 1155 524 erue
1180 491 1352 539 easque
1377 480 1476 525 sine
1501 479 1626 525 ferro
1656 494 1763 527 con·
1795 488 1848 526 27

123 562 146 594 5
168 546 313 593 tunde
359 546 632 608 adiectoque
677 548 775 593 acri
811 553 943 594 aceto
981 546 1145 608 subige
1184 553 1231 594 et
1266 562 1432 608 parum
1473 548 1580 595 salis
1619 551 1763 597 misce

167 622 306 677 atque
353 630 409 662 ex
454 630 508 663 eo
554 630 738 662 omnem
782 618 993 678 corporis
1031 619 1330 678 asperitatem
1367 619 1415 664 in
1453 617 1618 665 balneo
1656 634 1765 666 cum

167 685 338 732 sudore
377 685 598 749 confrica,
634 687 726 732 cito
758 692 902 734 sanat.
959 686 1129 734 Gluten
1159 687 1408 734 vitulinum
1439 694 1570 735 aceto
1601 691 1764 735 remis·
1795 696 1847 734 28

165 768 268 801 sum
314 754 515 802 admixta
558 755 737 802 modica
783 755 908 803 calce
953 758 1074 820 viva,
1118 763 1171 804 ut
1215 757 1575 804 crassitudinem
1613 758 1762 806 mellis

163 823 345 887 habeat,
381 824 549 871 inlines
586 825 702 872 locis
739 825 938 886 leprosis
976 832 1116 888 atque
1150 826 1244 874 illic
1275 828 1444 874 siccari
1473 828 1763 876 medicamen

101 911 141 942 ιο
164 896 430 957 permittes,
475 894 729 941 efficaciter
765 896 990 956 proderit.
1062 895 1224 957 Vulpis
1263 902 1446 944 stercus
1485 912 1593 944 cum
1630 905 1761 946 aceto
1794 905 1846 943 29

163 970 263 1010 tere
309 969 356 1011 et
398 978 639 1026 perungue
684 964 881 1028 lepram,
929 967 1022 1012 cito
1061 965 1332 1029 subvenies3
1381 981 1566 1014 omnem
1604 974 1762 1015 autem

162 1032 340 1094 lepram
375 1034 538 1081 inlitus
574 1034 786 1082 hircinus
824 1037 1014 1096 sanguis
1052 1036 1280 1084 emendat.

302 1103 370 1150 Ad
401 1103 720 1151 exanthemata
760 1105 962 1152 curanda
998 1107 1072 1152 ovi
1110 1107 1232 1152 cocti
1270 1105 1454 1153 vitellus
1486 1121 1592 1153 cum
1623 1107 1759 1154 melle
1792 1114 1845 1152 30

164 1179 210 1218 et
239 1173 477 1233 psimithio
502 1175 642 1220 tritus
666 1177 927 1221 rectissime
952 1175 1214 1222 adhibetur.
1267 1175 1517 1223 Pelliculae
1542 1179 1759 1238 caprinae
1791 1184 1843 1222 31

102 1259 142 1290 15
165 1249 371 1289 ramenta
411 1257 517 1290 curn
552 1245 736 1304 pumice
767 1246 876 1291 trita
907 1253 1132 1306 acetoque
1161 1247 1390 1306 permixta
1422 1246 1760 1294 exanthematis

162 1319 374 1372 prosunt.
440 1312 574 1359 Lotio
611 1313 814 1360 humano
857 1316 898 1360 si
934 1316 1111 1362 nitrum
1150 1315 1456 1362 admiscueris
1495 1330 1644 1377 eoque
1683 1331 1758 1363 ex—
1791 1323 1843 1360 32

161 1381 427 1428 anthemata
464 1382 736 1444 frequenter
774 1383 960 1446 elucris,
998 1387 1328 1446 reprimentur.
1386 1384 1621 1447 Oesypum
1651 1401 1760 1433 cum
1791 1393 1844 1430 33

160 1450 296 1497 melle
328 1451 579 1499 Corsicano
610 1454 774 1499 tritum
805 1460 852 1500 et
882 1454 1146 1516 adpositum
1177 1453 1331 1502 abolet
1361 1454 1417 1501 de
1448 1455 1565 1502 facie
1597 1469 1759 1503 omnes

162 1520 380 1583 maculas,
413 1522 602 1583 quidam
633 1529 679 1568 et
709 1522 931 1584 butyrum
961 1523 1160 1586 addunt3
1191 1525 1231 1570 si
1253 1539 1364 1571 vero
1390 1530 1437 1571 et
1465 1525 1598 1572 vituli
1621 1526 1759 1572 fimus

96 1606 138 1636 20
162 1596 207 1636 et
245 1590 306 1636 fel
344 1593 562 1638 caninum
601 1594 874 1655 misceatur,
918 1593 1207 1640 medicamen
1254 1594 1415 1641 utilius
1454 1596 1563 1656 erit,
1604 1596 1668 1642 ita
1706 1602 1759 1642 ut

159 1661 336 1721 pariter
372 1666 630 1723 temperata
667 1664 821 1709 omnia
859 1663 1194 1725 decoquantur.
1248 1663 1522 1710 Coclearum
1559 1666 1758 1711 minuta·
1789 1671 1844 1708 34

159 1743 265 1776 rum
304 1745 421 1792 quae
458 1733 632 1792 passim
670 1733 973 1779 inveniuntur
1010 1738 1280 1780 exustarum
1321 1735 1439 1780 cinis
1477 1748 1583 1780 cum
1622 1733 1756 1781 melle

158 1801 420 1860 permixtus
464 1801 586 1847 tollit
629 1815 686 1847 ex
731 1801 848 1849 facie
893 1804 1003 1849 vitia
1050 1805 1222 1865 omnia,
1271 1802 1520 1864 lentigines
1570 1818 1756 1866 quoque

160 1874 207 1914 et
242 1868 411 1916 livores
448 1869 613 1916 abolet.
1352 1921 1356 1924 ,

96 1953 137 1985 25
303 1938 527 2000 Stigmata
571 1939 786 1987 delentur
831 1940 1096 1988 columbino
1141 1942 1248 1988 fimo
1286 1943 1397 1988 trito
1444 1948 1491 1989 et
1528 1957 1583 1989 ex
1622 1951 1754 1990 aceto
1787 1949 1840 1987 35

159 2009 377 2071 inposito,
399 2010 462 2055 ita
486 2015 538 2055 ut
561 2009 752 2056 adsidue
778 2010 1065 2057 medicamen
1090 2011 1447 2072 superducatur.
1493 2011 1557 2058 De
1582 2013 1753 2060 tinctu·
1785 2018 1840 2057 36

158 2078 225 2123 ris
263 2077 333 2123 vel
370 2078 564 2125 maculis
602 2081 814 2141 corporis
852 2079 1090 2126 abolendis
1135 2081 1395 2128 remedium
1440 2083 1523 2128 sic:
1583 2081 1755 2129 Oculos

158 2146 230 2192 vel
260 2161 343 2194 ova
375 2150 556 2208 saepiae
587 2150 636 2195 in
667 2163 785 2210 aqua
817 2149 940 2196 solve
971 2156 1018 2196 et
1048 2164 1155 2196 cum
1186 2150 1321 2197 melle
1348 2153 1581 2212 permisce
1614 2159 1753 2213 atque

157 2216 266 2263 inde
319 2217 522 2264 maculas
573 2219 797 2281 perfrica,
849 2221 941 2266 cito
994 2219 1318 2267 abolebuntur.
1400 2220 1492 2267 Lac
1544 2221 1755 2268 mulieris
1786 2227 1839 2265 37

93 2302 135 2333 30
156 2285 359 2347 puellam
402 2289 653 2334 nutrientis
698 2303 806 2335 cum
850 2288 986 2335 melle
1032 2296 1079 2336 et
1124 2289 1224 2336 oleo
1269 2291 1554 2352 permixtum
1592 2305 1754 2337 omnes

159 2357 295 2402 etiam
327 2358 566 2404 ustionum
596 2358 800 2405 maculas
831 2358 965 2405 tollit.
1013 2358 1063 2405 Si
1093 2361 1269 2406 nitrum
1299 2374 1405 2406 cum
1430 2359 1531 2406 oleo
1555 2362 1753 2407 misceas
1785 2366 1839 2404 38

159 2425 215 2471 ad
254 2427 605 2487 spissitudinem
644 2427 794 2474 mellis
831 2434 970 2489 atque
1007 2428 1115 2475 inde
1153 2429 1357 2476 maculas
1391 2429 1599 2492 inducas,
1636 2431 1754 2476 mire

159 2494 482 2560 detergentur3
528 2499 752 2559 sanguine
798 2513 985 2559 quoque
1030 2500 1221 2560 caprino
1266 2499 1473 2546 maculae
1512 2505 1753 2546 contactae

159 2563 426 2612 abluuntur.
501 2567 551 2613 Si
587 2575 742 2614 autem
780 2570 983 2631 nescias,
1021 2568 1144 2614 unde
1183 2570 1243 2615 sit
1280 2568 1479 2631 macula,
1518 2583 1574 2615 ex
1611 2584 1752 2630 cepae
1783 2575 1836 2613 39

95 2648 137 2679 35
160 2647 274 2681 suco
319 2634 473 2682 locum
516 2637 792 2698 perfricabis
837 2644 883 2684 et
928 2637 1054 2684 dulci
1098 2652 1216 2698 aqua
1258 2638 1388 2685 elues
1426 2653 1754 2700 sesamumque

160 2704 595 2752 commanducatum
619 2709 959 2768 superinpones
983 2707 1054 2754 vel
1078 2706 1272 2754 bulbum
1295 2708 1564 2755 Africanum
1589 2711 1754 2756 tritum

159 2787 267 2819 cum
304 2780 433 2820 aceto
471 2777 680 2837 inpones.
