<?xml version="1.0" encoding="UTF-8"?>
<!DOCTYPE html PUBLIC "-//W3C//DTD XHTML 1.0 Transitional//EN"
    "http://www.w3.org/TR/xhtml1/DTD/xhtml1-transitional.dtd">
<html xmlns="http://www.w3.org/1999/xhtml" xml:lang="en" lang="en">
 <head>
  <title>
</title>
<meta http-equiv="Content-Type" content="text/html;charset=utf-8" />
  <meta name='ocr-system' content='tesseract 3.04.00' />
  <meta name='ocr-capabilities' content='ocr_page ocr_carea ocr_par ocr_line ocrx_word'/>
</head>
<body>
  <div class='ocr_page' id='page_1' title='image "./demedicamentisli00marcuoft_0297.png"; bbox 0 0 1930 3008; ppageno 0'>
   <div class='ocr_carea' id='block_1_1' title="bbox 784 53 1160 104">
    <p class='ocr_par' dir='ltr' id='par_1_1' title="bbox 784 53 1160 104">
     <span class='ocr_line' id='line_1_1' title="bbox 784 53 1160 104; baseline -0.003 0"><span class='ocrx_word' id='word_1_1' title='bbox 784 53 1160 104; x_wconf 80' lang='lat'>—285—</span> 
     </span>
    </p>
   </div>
   <div class='ocr_carea' id='block_1_2' title="bbox 109 179 1857 2463">
    <p class='ocr_par' dir='ltr' id='par_1_2' title="bbox 170 179 1764 452">
     <span class='ocr_line' id='line_1_2' title="bbox 173 179 1761 242; baseline -0.003 -12"><span class='ocrx_word' id='word_1_2' title='bbox 173 197 276 230; x_wconf 90' lang='lat' dir='ltr'>rum</span> <span class='ocrx_word' id='word_1_3' title='bbox 321 181 500 229; x_wconf 88' lang='lat' dir='ltr'>vitellos</span> <span class='ocrx_word' id='word_1_4' title='bbox 537 188 633 228; x_wconf 90' lang='lat' dir='ltr'>tres</span> <span class='ocrx_word' id='word_1_5' title='bbox 670 183 718 228; x_wconf 91' lang='lat' dir='ltr'>in</span> <span class='ocrx_word' id='word_1_6' title='bbox 757 195 900 228; x_wconf 88' lang='lat' dir='ltr'>unum</span> <span class='ocrx_word' id='word_1_7' title='bbox 938 179 1244 242; x_wconf 89' lang='lat' dir='ltr'>permiscebis</span> <span class='ocrx_word' id='word_1_8' title='bbox 1281 180 1512 242; x_wconf 89' lang='lat' dir='ltr'>simulque</span> <span class='ocrx_word' id='word_1_9' title='bbox 1551 187 1642 227; x_wconf 90' lang='lat' dir='ltr'>tam</span> <span class='ocrx_word' id='word_1_10' title='bbox 1681 179 1761 226; x_wconf 90' lang='lat' dir='ltr'>diu</span> 
     </span>
     <span class='ocr_line' id='line_1_3' title="bbox 173 249 1760 313; baseline -0.001 -15"><span class='ocrx_word' id='word_1_11' title='bbox 173 259 320 312; x_wconf 89' lang='lat' dir='ltr'>teres,</span> <span class='ocrx_word' id='word_1_12' title='bbox 364 251 512 298; x_wconf 89' lang='lat' dir='ltr'>donec</span> <span class='ocrx_word' id='word_1_13' title='bbox 556 251 611 297; x_wconf 92' lang='lat' dir='ltr'>ad</span> <span class='ocrx_word' id='word_1_14' title='bbox 657 250 1015 298; x_wconf 88' lang='lat' dir='ltr'>crassitudinem</span> <span class='ocrx_word' id='word_1_15' title='bbox 1058 250 1211 297; x_wconf 92' lang='lat' dir='ltr'>mellis</span> <span class='ocrx_word' id='word_1_16' title='bbox 1246 250 1471 313; x_wconf 84' lang='lat' dir='ltr'>adducas3</span> <span class='ocrx_word' id='word_1_17' title='bbox 1508 249 1675 297; x_wconf 92' lang='lat' dir='ltr'>deinde</span> <span class='ocrx_word' id='word_1_18' title='bbox 1711 251 1760 296; x_wconf 91' lang='lat' dir='ltr'>in</span> 
     </span>
     <span class='ocr_line' id='line_1_4' title="bbox 170 319 1760 383; baseline -0.001 -16"><span class='ocrx_word' id='word_1_19' title='bbox 170 321 385 383; x_wconf 81' lang='lat' dir='ltr'><strong>pyxidem</strong></span> <span class='ocrx_word' id='word_1_20' title='bbox 434 321 606 367; x_wconf 92' lang='lat' dir='ltr'>condes</span> <span class='ocrx_word' id='word_1_21' title='bbox 651 327 789 381; x_wconf 91' lang='lat' dir='ltr'>atque</span> <span class='ocrx_word' id='word_1_22' title='bbox 835 335 891 366; x_wconf 85' lang='lat' dir='ltr'>ex</span> <span class='ocrx_word' id='word_1_23' title='bbox 936 334 1010 382; x_wconf 84' lang='lat' dir='ltr'>ea,</span> <span class='ocrx_word' id='word_1_24' title='bbox 1061 334 1169 367; x_wconf 88' lang='lat' dir='ltr'>cum</span> <span class='ocrx_word' id='word_1_25' title='bbox 1213 334 1331 380; x_wconf 92' lang='lat' dir='ltr'>opus</span> <span class='ocrx_word' id='word_1_26' title='bbox 1376 320 1540 381; x_wconf 87' lang='lat' dir='ltr'>fuerit,</span> <span class='ocrx_word' id='word_1_27' title='bbox 1588 319 1760 380; x_wconf 84' lang='lat' dir='ltr'>cyliaco</span> 
     </span>
     <span class='ocr_line' id='line_1_5' title="bbox 173 388 1764 452; baseline -0.001 -16"><span class='ocrx_word' id='word_1_28' title='bbox 173 392 308 437; x_wconf 91' lang='lat' dir='ltr'>nucis</span> <span class='ocrx_word' id='word_1_29' title='bbox 353 390 583 436; x_wconf 82' lang='lat' dir='ltr'>avellanae</span> <span class='ocrx_word' id='word_1_30' title='bbox 629 390 947 451; x_wconf 84' lang='lat' dir='ltr'>magnitudine</span> <span class='ocrx_word' id='word_1_31' title='bbox 992 404 1048 436; x_wconf 86' lang='lat' dir='ltr'>ex</span> <span class='ocrx_word' id='word_1_32' title='bbox 1092 391 1219 452; x_wconf 83' lang='lat' dir='ltr'>vino,</span> <span class='ocrx_word' id='word_1_33' title='bbox 1263 391 1305 435; x_wconf 92' lang='lat' dir='ltr'>si</span> <span class='ocrx_word' id='word_1_34' title='bbox 1349 390 1450 436; x_wconf 91' lang='lat' dir='ltr'>sine</span> <span class='ocrx_word' id='word_1_35' title='bbox 1492 388 1622 435; x_wconf 82' lang='lat' dir='ltr'>febre</span> <span class='ocrx_word' id='word_1_36' title='bbox 1659 390 1764 450; x_wconf 89' lang='lat' dir='ltr'>erit,</span> 
     </span>
    </p>

    <p class='ocr_par' dir='ltr' id='par_1_3' title="bbox 128 458 1761 577">
     <span class='ocr_line' id='line_1_6' title="bbox 128 458 1761 522; baseline -0.002 -14"><span class='ocrx_word' id='word_1_37' title='bbox 128 478 149 509; x_wconf 90' lang='lat'><strong>5</strong></span> <span class='ocrx_word' id='word_1_38' title='bbox 173 461 213 507; x_wconf 89' lang='lat' dir='ltr'>si</span> <span class='ocrx_word' id='word_1_39' title='bbox 261 459 563 522; x_wconf 81' lang='lat' dir='ltr'>febricitabit,</span> <span class='ocrx_word' id='word_1_40' title='bbox 615 474 670 506; x_wconf 87' lang='lat' dir='ltr'>ex</span> <span class='ocrx_word' id='word_1_41' title='bbox 715 474 831 521; x_wconf 88' lang='lat' dir='ltr'>aqua</span> <span class='ocrx_word' id='word_1_42' title='bbox 878 459 1024 506; x_wconf 89' lang='lat' dir='ltr'>calida</span> <span class='ocrx_word' id='word_1_43' title='bbox 1075 458 1227 522; x_wconf 83' lang='lat' dir='ltr'>dabis3</span> <span class='ocrx_word' id='word_1_44' title='bbox 1279 460 1397 505; x_wconf 89' lang='lat' dir='ltr'>mire</span> <span class='ocrx_word' id='word_1_45' title='bbox 1450 458 1761 519; x_wconf 86' lang='lat' dir='ltr'>celeriterque</span> 
     </span>
     <span class='ocr_line' id='line_1_7' title="bbox 172 528 434 577; baseline 0.004 -1"><span class='ocrx_word' id='word_1_46' title='bbox 172 528 434 577; x_wconf 90' lang='lat' dir='ltr'>subvenies.</span> 
     </span>
    </p>

    <p class='ocr_par' dir='ltr' id='par_1_4' title="bbox 171 597 1848 797">
     <span class='ocr_line' id='line_1_8' title="bbox 312 597 1846 660; baseline -0.001 -16"><span class='ocrx_word' id='word_1_47' title='bbox 312 598 406 645; x_wconf 90' lang='lat' dir='ltr'>Ova</span> <span class='ocrx_word' id='word_1_48' title='bbox 444 598 770 658; x_wconf 89' lang='lat' dir='ltr'>decoquuntur</span> <span class='ocrx_word' id='word_1_49' title='bbox 807 612 864 644; x_wconf 87' lang='lat' dir='ltr'>ex</span> <span class='ocrx_word' id='word_1_50' title='bbox 901 603 1046 660; x_wconf 88' lang='lat' dir='ltr'>aceto,</span> <span class='ocrx_word' id='word_1_51' title='bbox 1084 598 1232 644; x_wconf 90' lang='lat' dir='ltr'>donec</span> <span class='ocrx_word' id='word_1_52' title='bbox 1269 597 1586 660; x_wconf 88' lang='lat' dir='ltr'>indurescant,</span> <span class='ocrx_word' id='word_1_53' title='bbox 1624 603 1671 644; x_wconf 90' lang='lat' dir='ltr'>et</span> <span class='ocrx_word' id='word_1_54' title='bbox 1699 598 1762 643; x_wconf 90' lang='lat' dir='ltr'>vi·</span> <span class='ocrx_word' id='word_1_55' title='bbox 1796 605 1846 643; x_wconf 78' lang='grc'>77</span> 
     </span>
     <span class='ocr_line' id='line_1_9' title="bbox 173 667 1764 730; baseline -0.001 -17"><span class='ocrx_word' id='word_1_56' title='bbox 173 667 271 714; x_wconf 88' lang='lat' dir='ltr'>telli</span> <span class='ocrx_word' id='word_1_57' title='bbox 313 681 476 714; x_wconf 90' lang='lat' dir='ltr'>eorum</span> <span class='ocrx_word' id='word_1_58' title='bbox 521 669 680 713; x_wconf 87' lang='lat' dir='ltr'>tostati</span> <span class='ocrx_word' id='word_1_59' title='bbox 727 682 834 713; x_wconf 90' lang='lat' dir='ltr'>cum</span> <span class='ocrx_word' id='word_1_60' title='bbox 882 669 1044 729; x_wconf 87' lang='lat' dir='ltr'>pipere</span> <span class='ocrx_word' id='word_1_61' title='bbox 1083 669 1186 714; x_wconf 91' lang='lat' dir='ltr'>esui</span> <span class='ocrx_word' id='word_1_62' title='bbox 1222 667 1396 729; x_wconf 84' lang='lat' dir='ltr'>cyliaco</span> <span class='ocrx_word' id='word_1_63' title='bbox 1434 667 1626 730; x_wconf 83' lang='lat' dir='ltr'>dantur,</span> <span class='ocrx_word' id='word_1_64' title='bbox 1670 668 1764 713; x_wconf 91' lang='lat' dir='ltr'>cito</span> 
     </span>
     <span class='ocr_line' id='line_1_10' title="bbox 171 735 1848 797; baseline -0.001 -15"><span class='ocrx_word' id='word_1_65' title='bbox 171 736 432 783; x_wconf 91' lang='lat' dir='ltr'>medentur.</span> <span class='ocrx_word' id='word_1_66' title='bbox 499 735 672 782; x_wconf 90' lang='lat' dir='ltr'>Caseus</span> <span class='ocrx_word' id='word_1_67' title='bbox 717 736 884 782; x_wconf 91' lang='lat' dir='ltr'>ovillus</span> <span class='ocrx_word' id='word_1_68' title='bbox 931 742 1144 783; x_wconf 88' lang='lat' dir='ltr'>vetustus</span> <span class='ocrx_word' id='word_1_69' title='bbox 1189 738 1237 783; x_wconf 90' lang='lat' dir='ltr'>in</span> <span class='ocrx_word' id='word_1_70' title='bbox 1282 736 1387 783; x_wconf 87' lang='lat' dir='ltr'>cibo</span> <span class='ocrx_word' id='word_1_71' title='bbox 1433 742 1648 797; x_wconf 89' lang='lat' dir='ltr'>sumptus</span> <span class='ocrx_word' id='word_1_72' title='bbox 1691 735 1765 782; x_wconf 91' lang='lat' dir='ltr'>vel</span> <span class='ocrx_word' id='word_1_73' title='bbox 1797 743 1848 782; x_wconf 79' lang='lat'>78</span> 
     </span>
    </p>

    <p class='ocr_par' dir='ltr' id='par_1_5' title="bbox 109 805 1850 1144">
     <span class='ocr_line' id='line_1_11' title="bbox 109 805 1848 867; baseline -0.002 -13"><span class='ocrx_word' id='word_1_74' title='bbox 109 824 151 854; x_wconf 84' lang='grc' dir='ltr'>ιο</span> <span class='ocrx_word' id='word_1_75' title='bbox 173 820 307 852; x_wconf 90' lang='lat' dir='ltr'>rasus</span> <span class='ocrx_word' id='word_1_76' title='bbox 352 812 399 851; x_wconf 90' lang='lat' dir='ltr'>et</span> <span class='ocrx_word' id='word_1_77' title='bbox 443 819 550 851; x_wconf 88' lang='lat' dir='ltr'>cum</span> <span class='ocrx_word' id='word_1_78' title='bbox 594 807 700 851; x_wconf 88' lang='lat' dir='ltr'>vino</span> <span class='ocrx_word' id='word_1_79' title='bbox 746 812 885 866; x_wconf 91' lang='lat' dir='ltr'>potus</span> <span class='ocrx_word' id='word_1_80' title='bbox 922 805 1095 867; x_wconf 89' lang='lat' dir='ltr'>cyliaco</span> <span class='ocrx_word' id='word_1_81' title='bbox 1132 806 1361 854; x_wconf 88' lang='lat' dir='ltr'>medetur.</span> <span class='ocrx_word' id='word_1_82' title='bbox 1427 806 1619 852; x_wconf 91' lang='lat' dir='ltr'>Cocleae</span> <span class='ocrx_word' id='word_1_83' title='bbox 1657 819 1765 852; x_wconf 92' lang='lat' dir='ltr'>cum</span> <span class='ocrx_word' id='word_1_84' title='bbox 1797 813 1848 851; x_wconf 82' lang='grc'>79</span> 
     </span>
     <span class='ocr_line' id='line_1_12' title="bbox 171 874 1767 936; baseline -0.001 -15"><span class='ocrx_word' id='word_1_85' title='bbox 171 876 307 922; x_wconf 88' lang='lat' dir='ltr'>testis</span> <span class='ocrx_word' id='word_1_86' title='bbox 345 876 443 921; x_wconf 91' lang='lat' dir='ltr'>suis</span> <span class='ocrx_word' id='word_1_87' title='bbox 477 877 704 921; x_wconf 85' lang='lat' dir='ltr'>contritae</span> <span class='ocrx_word' id='word_1_88' title='bbox 743 875 860 921; x_wconf 90' lang='lat' dir='ltr'>duae</span> <span class='ocrx_word' id='word_1_89' title='bbox 891 881 938 921; x_wconf 89' lang='lat' dir='ltr'>et</span> <span class='ocrx_word' id='word_1_90' title='bbox 967 889 1051 921; x_wconf 91' lang='lat' dir='ltr'>ova</span> <span class='ocrx_word' id='word_1_91' title='bbox 1081 875 1226 921; x_wconf 90' lang='lat' dir='ltr'>cruda</span> <span class='ocrx_word' id='word_1_92' title='bbox 1257 875 1348 922; x_wconf 93' lang='lat' dir='ltr'>duo</span> <span class='ocrx_word' id='word_1_93' title='bbox 1380 882 1427 921; x_wconf 88' lang='lat' dir='ltr'>et</span> <span class='ocrx_word' id='word_1_94' title='bbox 1457 877 1583 936; x_wconf 91' lang='lat' dir='ltr'>passi</span> <span class='ocrx_word' id='word_1_95' title='bbox 1612 874 1767 936; x_wconf 87' lang='lat' dir='ltr'>cyathi</span> 
     </span>
     <span class='ocr_line' id='line_1_13' title="bbox 173 944 1765 1007; baseline 0 -17"><span class='ocrx_word' id='word_1_96' title='bbox 173 944 279 1007; x_wconf 88' lang='lat' dir='ltr'>duo,</span> <span class='ocrx_word' id='word_1_97' title='bbox 310 958 455 1005; x_wconf 92' lang='lat' dir='ltr'>aquae</span> <span class='ocrx_word' id='word_1_98' title='bbox 486 944 639 1006; x_wconf 81' lang='lat' dir='ltr'>cyathi</span> <span class='ocrx_word' id='word_1_99' title='bbox 668 950 780 1007; x_wconf 84' lang='lat' dir='ltr'>tres,</span> <span class='ocrx_word' id='word_1_100' title='bbox 811 944 949 991; x_wconf 91' lang='lat' dir='ltr'>simul</span> <span class='ocrx_word' id='word_1_101' title='bbox 978 946 1206 1005; x_wconf 87' lang='lat' dir='ltr'>permixta</span> <span class='ocrx_word' id='word_1_102' title='bbox 1237 946 1391 991; x_wconf 90' lang='lat' dir='ltr'>omnia</span> <span class='ocrx_word' id='word_1_103' title='bbox 1421 959 1473 991; x_wconf 92' lang='lat' dir='ltr'>ac</span> <span class='ocrx_word' id='word_1_104' title='bbox 1505 945 1585 991; x_wconf 92' lang='lat' dir='ltr'>diu</span> <span class='ocrx_word' id='word_1_105' title='bbox 1617 944 1765 1004; x_wconf 87' lang='lat' dir='ltr'>coagi-</span> 
     </span>
     <span class='ocr_line' id='line_1_14' title="bbox 172 1013 1766 1075; baseline -0.001 -15"><span class='ocrx_word' id='word_1_106' title='bbox 172 1020 267 1060; x_wconf 85' lang='lat' dir='ltr'>tata</span> <span class='ocrx_word' id='word_1_107' title='bbox 305 1020 349 1060; x_wconf 88' lang='lat' dir='ltr'>et</span> <span class='ocrx_word' id='word_1_108' title='bbox 389 1016 438 1060; x_wconf 92' lang='lat' dir='ltr'>in</span> <span class='ocrx_word' id='word_1_109' title='bbox 473 1028 581 1060; x_wconf 92' lang='lat' dir='ltr'>vaso</span> <span class='ocrx_word' id='word_1_110' title='bbox 619 1013 750 1060; x_wconf 86' lang='lat' dir='ltr'>fictili</span> <span class='ocrx_word' id='word_1_111' title='bbox 787 1013 1006 1061; x_wconf 86' lang='lat' dir='ltr'>calefacta</span> <span class='ocrx_word' id='word_1_112' title='bbox 1042 1014 1098 1060; x_wconf 94' lang='lat' dir='ltr'>ad</span> <span class='ocrx_word' id='word_1_113' title='bbox 1136 1014 1325 1060; x_wconf 90' lang='lat' dir='ltr'>modum</span> <span class='ocrx_word' id='word_1_114' title='bbox 1359 1016 1563 1075; x_wconf 91' lang='lat' dir='ltr'>potionis</span> <span class='ocrx_word' id='word_1_115' title='bbox 1593 1013 1766 1075; x_wconf 83' lang='lat' dir='ltr'>cyliaco</span> 
     </span>
     <span class='ocr_line' id='line_1_15' title="bbox 174 1083 1850 1144; baseline -0.001 -15"><span class='ocrx_word' id='word_1_116' title='bbox 174 1083 280 1129; x_wconf 89' lang='lat' dir='ltr'>data</span> <span class='ocrx_word' id='word_1_117' title='bbox 316 1083 578 1129; x_wconf 88' lang='lat' dir='ltr'>medentur.</span> <span class='ocrx_word' id='word_1_118' title='bbox 634 1083 875 1144; x_wconf 81' lang='lat' dir='ltr'>Serpentis</span> <span class='ocrx_word' id='word_1_119' title='bbox 914 1085 1104 1130; x_wconf 84' lang='lat' dir='ltr'>exuviae</span> <span class='ocrx_word' id='word_1_120' title='bbox 1135 1098 1242 1129; x_wconf 90' lang='lat' dir='ltr'>cum</span> <span class='ocrx_word' id='word_1_121' title='bbox 1273 1098 1465 1130; x_wconf 88' lang='lat' dir='ltr'>rosaceo</span> <span class='ocrx_word' id='word_1_122' title='bbox 1496 1084 1764 1144; x_wconf 89' lang='lat' dir='ltr'>decoquun-</span> <span class='ocrx_word' id='word_1_123' title='bbox 1797 1091 1850 1128; x_wconf 88' lang='lat'>80</span> 
     </span>
    </p>

    <p class='ocr_par' dir='ltr' id='par_1_6' title="bbox 111 1151 1767 1268">
     <span class='ocr_line' id='line_1_16' title="bbox 111 1151 1767 1215; baseline -0.002 -15"><span class='ocrx_word' id='word_1_124' title='bbox 111 1169 152 1200; x_wconf 86' lang='lat'>15</span> <span class='ocrx_word' id='word_1_125' title='bbox 174 1158 253 1199; x_wconf 92' lang='lat' dir='ltr'>tur</span> <span class='ocrx_word' id='word_1_126' title='bbox 289 1154 337 1198; x_wconf 90' lang='lat' dir='ltr'>in</span> <span class='ocrx_word' id='word_1_127' title='bbox 374 1166 483 1198; x_wconf 89' lang='lat' dir='ltr'>vaso</span> <span class='ocrx_word' id='word_1_128' title='bbox 521 1159 712 1213; x_wconf 86' lang='lat' dir='ltr'>stagneo</span> <span class='ocrx_word' id='word_1_129' title='bbox 750 1159 796 1199; x_wconf 93' lang='lat' dir='ltr'>et</span> <span class='ocrx_word' id='word_1_130' title='bbox 832 1159 994 1213; x_wconf 88' lang='lat' dir='ltr'>postea</span> <span class='ocrx_word' id='word_1_131' title='bbox 1031 1155 1167 1199; x_wconf 89' lang='lat' dir='ltr'>tritae</span> <span class='ocrx_word' id='word_1_132' title='bbox 1207 1155 1357 1199; x_wconf 92' lang='lat' dir='ltr'>ventri</span> <span class='ocrx_word' id='word_1_133' title='bbox 1394 1153 1557 1215; x_wconf 85' lang='lat' dir='ltr'>cyliaci</span> <span class='ocrx_word' id='word_1_134' title='bbox 1586 1151 1767 1199; x_wconf 87' lang='lat' dir='ltr'>utiliter</span> 
     </span>
     <span class='ocr_line' id='line_1_17' title="bbox 174 1215 1285 1268; baseline -0.004 0"><span class='ocrx_word' id='word_1_135' title='bbox 174 1221 448 1268; x_wconf 91' lang='lat' dir='ltr'>inlinuntur.</span> <span class='ocrx_word' id='word_1_136' title='bbox 1281 1215 1285 1218; x_wconf 49' lang='lat'><strong>⁴</strong></span> 
     </span>
    </p>

    <p class='ocr_par' dir='ltr' id='par_1_7' title="bbox 176 1290 1853 1491">
     <span class='ocr_line' id='line_1_18' title="bbox 315 1290 1846 1352; baseline -0.001 -15"><span class='ocrx_word' id='word_1_137' title='bbox 315 1291 383 1337; x_wconf 87' lang='lat' dir='ltr'>Ad</span> <span class='ocrx_word' id='word_1_138' title='bbox 422 1305 583 1337; x_wconf 91' lang='lat' dir='ltr'>omnes</span> <span class='ocrx_word' id='word_1_139' title='bbox 621 1291 822 1352; x_wconf 84' lang='lat' dir='ltr'>episoras</span> <span class='ocrx_word' id='word_1_140' title='bbox 859 1292 1035 1338; x_wconf 90' lang='lat' dir='ltr'>ventris</span> <span class='ocrx_word' id='word_1_141' title='bbox 1074 1306 1262 1338; x_wconf 89' lang='lat' dir='ltr'>caseum</span> <span class='ocrx_word' id='word_1_142' title='bbox 1298 1293 1541 1338; x_wconf 90' lang='lat' dir='ltr'>vaccinum</span> <span class='ocrx_word' id='word_1_143' title='bbox 1581 1290 1767 1337; x_wconf 89' lang='lat' dir='ltr'>mollem</span> <span class='ocrx_word' id='word_1_144' title='bbox 1799 1300 1846 1337; x_wconf 91' lang='lat'>81</span> 
     </span>
     <span class='ocr_line' id='line_1_19' title="bbox 176 1360 1768 1422; baseline 0 -16"><span class='ocrx_word' id='word_1_145' title='bbox 176 1360 375 1406; x_wconf 89' lang='lat' dir='ltr'>calidum</span> <span class='ocrx_word' id='word_1_146' title='bbox 413 1362 575 1421; x_wconf 90' lang='lat' dir='ltr'>inponi</span> <span class='ocrx_word' id='word_1_147' title='bbox 611 1367 808 1422; x_wconf 85' lang='lat' dir='ltr'>oportet,</span> <span class='ocrx_word' id='word_1_148' title='bbox 846 1375 938 1422; x_wconf 91' lang='lat' dir='ltr'>quo</span> <span class='ocrx_word' id='word_1_149' title='bbox 977 1367 1186 1422; x_wconf 89' lang='lat' dir='ltr'>tempore</span> <span class='ocrx_word' id='word_1_150' title='bbox 1225 1360 1521 1422; x_wconf 80' lang='lat' dir='ltr'>dysintericis</span> <span class='ocrx_word' id='word_1_151' title='bbox 1554 1362 1768 1421; x_wconf 90' lang='lat' dir='ltr'>potiones</span> 
     </span>
     <span class='ocr_line' id='line_1_20' title="bbox 177 1429 1853 1491; baseline 0 -16"><span class='ocrx_word' id='word_1_152' title='bbox 177 1430 302 1475; x_wconf 80' lang='lat' dir='ltr'>ferro</span> <span class='ocrx_word' id='word_1_153' title='bbox 341 1430 559 1476; x_wconf 90' lang='lat' dir='ltr'>candenti</span> <span class='ocrx_word' id='word_1_154' title='bbox 596 1430 839 1477; x_wconf 87' lang='lat' dir='ltr'>calefactas</span> <span class='ocrx_word' id='word_1_155' title='bbox 877 1430 977 1476; x_wconf 91' lang='lat' dir='ltr'>dari</span> <span class='ocrx_word' id='word_1_156' title='bbox 1007 1432 1236 1477; x_wconf 88' lang='lat' dir='ltr'>convenit.</span> <span class='ocrx_word' id='word_1_157' title='bbox 1295 1429 1408 1477; x_wconf 91' lang='lat' dir='ltr'>Glus</span> <span class='ocrx_word' id='word_1_158' title='bbox 1438 1432 1621 1477; x_wconf 90' lang='lat' dir='ltr'>taurina</span> <span class='ocrx_word' id='word_1_159' title='bbox 1652 1444 1770 1491; x_wconf 89' lang='lat' dir='ltr'>aqua</span> <span class='ocrx_word' id='word_1_160' title='bbox 1799 1437 1853 1476; x_wconf 82' lang='lat'>82</span> 
     </span>
    </p>

    <p class='ocr_par' dir='ltr' id='par_1_8' title="bbox 114 1498 1769 1561">
     <span class='ocr_line' id='line_1_21' title="bbox 114 1498 1769 1561; baseline -0.001 -15"><span class='ocrx_word' id='word_1_161' title='bbox 114 1516 155 1546; x_wconf 80' lang='lat'>20</span> <span class='ocrx_word' id='word_1_162' title='bbox 179 1498 327 1546; x_wconf 90' lang='lat' dir='ltr'>calida</span> <span class='ocrx_word' id='word_1_163' title='bbox 372 1499 576 1546; x_wconf 86' lang='lat' dir='ltr'>resoluta</span> <span class='ocrx_word' id='word_1_164' title='bbox 620 1499 783 1561; x_wconf 81' lang='lat' dir='ltr'>cyliaci</span> <span class='ocrx_word' id='word_1_165' title='bbox 820 1501 995 1546; x_wconf 91' lang='lat' dir='ltr'>ventris</span> <span class='ocrx_word' id='word_1_166' title='bbox 1032 1499 1262 1546; x_wconf 78' lang='lat' dir='ltr'>inflationi</span> <span class='ocrx_word' id='word_1_167' title='bbox 1298 1499 1477 1546; x_wconf 88' lang='lat' dir='ltr'>utiliter</span> <span class='ocrx_word' id='word_1_168' title='bbox 1514 1501 1769 1560; x_wconf 90' lang='lat' dir='ltr'>inponitur.</span> 
     </span>
    </p>

    <p class='ocr_par' dir='ltr' id='par_1_9' title="bbox 176 1568 1854 1699">
     <span class='ocr_line' id='line_1_22' title="bbox 316 1568 1854 1631; baseline 0 -17"><span class='ocrx_word' id='word_1_169' title='bbox 316 1568 648 1616; x_wconf 88' lang='lat' dir='ltr'>Gravissimum</span> <span class='ocrx_word' id='word_1_170' title='bbox 685 1571 860 1615; x_wconf 92' lang='lat' dir='ltr'>ventris</span> <span class='ocrx_word' id='word_1_171' title='bbox 898 1570 1062 1615; x_wconf 90' lang='lat' dir='ltr'>vitium</span> <span class='ocrx_word' id='word_1_172' title='bbox 1100 1577 1172 1616; x_wconf 88' lang='lat' dir='ltr'>est</span> <span class='ocrx_word' id='word_1_173' title='bbox 1215 1569 1352 1631; x_wconf 90' lang='lat' dir='ltr'>ileos,</span> <span class='ocrx_word' id='word_1_174' title='bbox 1397 1571 1474 1616; x_wconf 91' lang='lat' dir='ltr'>cui</span> <span class='ocrx_word' id='word_1_175' title='bbox 1518 1570 1770 1615; x_wconf 85' lang='lat' dir='ltr'>maximum</span> <span class='ocrx_word' id='word_1_176' title='bbox 1801 1577 1854 1614; x_wconf 88' lang='lat'>83</span> 
     </span>
     <span class='ocr_line' id='line_1_23' title="bbox 176 1638 1771 1699; baseline 0.001 -16"><span class='ocrx_word' id='word_1_177' title='bbox 176 1638 437 1685; x_wconf 89' lang='lat' dir='ltr'>remedium</span> <span class='ocrx_word' id='word_1_178' title='bbox 467 1645 539 1684; x_wconf 88' lang='lat' dir='ltr'>est</span> <span class='ocrx_word' id='word_1_179' title='bbox 568 1638 794 1699; x_wconf 90' lang='lat' dir='ltr'>discerpti</span> <span class='ocrx_word' id='word_1_180' title='bbox 823 1638 1166 1699; x_wconf 89' lang='lat' dir='ltr'>vespertilionis</span> <span class='ocrx_word' id='word_1_181' title='bbox 1194 1641 1383 1699; x_wconf 83' lang='lat' dir='ltr'>sanguis</span> <span class='ocrx_word' id='word_1_182' title='bbox 1413 1639 1574 1685; x_wconf 88' lang='lat' dir='ltr'>inlitus</span> <span class='ocrx_word' id='word_1_183' title='bbox 1605 1640 1771 1685; x_wconf 92' lang='lat' dir='ltr'>ventri.</span> 
     </span>
    </p>

    <p class='ocr_par' dir='ltr' id='par_1_10' title="bbox 178 1707 1857 1840">
     <span class='ocr_line' id='line_1_24' title="bbox 316 1707 1857 1770; baseline 0 -17"><span class='ocrx_word' id='word_1_184' title='bbox 316 1707 714 1768; x_wconf 91' lang='lat' dir='ltr'>Frequentissime</span> <span class='ocrx_word' id='word_1_185' title='bbox 760 1709 934 1770; x_wconf 87' lang='lat' dir='ltr'>evenit,</span> <span class='ocrx_word' id='word_1_186' title='bbox 976 1714 1030 1754; x_wconf 92' lang='lat' dir='ltr'>ut</span> <span class='ocrx_word' id='word_1_187' title='bbox 1073 1723 1127 1754; x_wconf 90' lang='lat' dir='ltr'>ex</span> <span class='ocrx_word' id='word_1_188' title='bbox 1166 1708 1373 1769; x_wconf 90' lang='lat' dir='ltr'>qualibet</span> <span class='ocrx_word' id='word_1_189' title='bbox 1410 1723 1549 1755; x_wconf 91' lang='lat' dir='ltr'>causa</span> <span class='ocrx_word' id='word_1_190' title='bbox 1587 1707 1772 1754; x_wconf 88' lang='lat' dir='ltr'>subitus</span> <span class='ocrx_word' id='word_1_191' title='bbox 1802 1715 1857 1754; x_wconf 88' lang='lat'>84</span> 
     </span>
     <span class='ocr_line' id='line_1_25' title="bbox 178 1776 1771 1840; baseline 0.001 -18"><span class='ocrx_word' id='word_1_192' title='bbox 178 1776 310 1822; x_wconf 87' lang='lat' dir='ltr'>dolor</span> <span class='ocrx_word' id='word_1_193' title='bbox 346 1778 524 1823; x_wconf 87' lang='lat' dir='ltr'>ventris</span> <span class='ocrx_word' id='word_1_194' title='bbox 556 1779 768 1840; x_wconf 81' lang='lat' dir='ltr'>exsistat3</span> <span class='ocrx_word' id='word_1_195' title='bbox 806 1778 887 1824; x_wconf 92' lang='lat' dir='ltr'>sed</span> <span class='ocrx_word' id='word_1_196' title='bbox 919 1779 998 1838; x_wconf 90' lang='lat' dir='ltr'>qui</span> <span class='ocrx_word' id='word_1_197' title='bbox 1029 1777 1171 1823; x_wconf 90' lang='lat' dir='ltr'>talum</span> <span class='ocrx_word' id='word_1_198' title='bbox 1202 1778 1376 1839; x_wconf 89' lang='lat' dir='ltr'>leporis</span> <span class='ocrx_word' id='word_1_199' title='bbox 1407 1792 1568 1824; x_wconf 89' lang='lat' dir='ltr'>secum</span> <span class='ocrx_word' id='word_1_200' title='bbox 1597 1777 1771 1824; x_wconf 89' lang='lat' dir='ltr'>habue-</span> 
     </span>
    </p>

    <p class='ocr_par' dir='ltr' id='par_1_11' title="bbox 115 1845 1857 2170">
     <span class='ocr_line' id='line_1_26' title="bbox 115 1845 1772 1910; baseline 0.001 -19"><span class='ocrx_word' id='word_1_201' title='bbox 115 1862 156 1892; x_wconf 83' lang='lat'>25</span> <span class='ocrx_word' id='word_1_202' title='bbox 178 1847 254 1907; x_wconf 83' lang='lat' dir='ltr'>rit,</span> <span class='ocrx_word' id='word_1_203' title='bbox 283 1845 552 1892; x_wconf 89' lang='lat' dir='ltr'>huiusmodi</span> <span class='ocrx_word' id='word_1_204' title='bbox 581 1861 754 1907; x_wconf 87' lang='lat' dir='ltr'>casum,</span> <span class='ocrx_word' id='word_1_205' title='bbox 784 1847 832 1892; x_wconf 89' lang='lat' dir='ltr'>id</span> <span class='ocrx_word' id='word_1_206' title='bbox 860 1853 931 1893; x_wconf 88' lang='lat' dir='ltr'>est</span> <span class='ocrx_word' id='word_1_207' title='bbox 954 1846 1162 1893; x_wconf 86' lang='lat' dir='ltr'>subitum</span> <span class='ocrx_word' id='word_1_208' title='bbox 1186 1847 1394 1893; x_wconf 92' lang='lat' dir='ltr'>dolorem</span> <span class='ocrx_word' id='word_1_209' title='bbox 1417 1848 1609 1910; x_wconf 84' lang='lat' dir='ltr'>ventris,</span> <span class='ocrx_word' id='word_1_210' title='bbox 1640 1861 1772 1893; x_wconf 87' lang='lat' dir='ltr'>num-</span> 
     </span>
     <span class='ocr_line' id='line_1_27' title="bbox 179 1915 1855 1979; baseline 0.001 -19"><span class='ocrx_word' id='word_1_211' title='bbox 179 1929 318 1975; x_wconf 90' lang='lat' dir='ltr'>quam</span> <span class='ocrx_word' id='word_1_212' title='bbox 353 1916 577 1961; x_wconf 89' lang='lat' dir='ltr'>incurret.</span> <span class='ocrx_word' id='word_1_213' title='bbox 642 1915 946 1976; x_wconf 81' lang='lat' dir='ltr'>Dysintericis</span> <span class='ocrx_word' id='word_1_214' title='bbox 982 1916 1197 1962; x_wconf 91' lang='lat' dir='ltr'>medetur</span> <span class='ocrx_word' id='word_1_215' title='bbox 1234 1931 1365 1979; x_wconf 79' lang='lat' dir='ltr'>aqua,</span> <span class='ocrx_word' id='word_1_216' title='bbox 1403 1918 1452 1963; x_wconf 93' lang='lat' dir='ltr'>in</span> <span class='ocrx_word' id='word_1_217' title='bbox 1483 1931 1573 1977; x_wconf 90' lang='lat' dir='ltr'>qua</span> <span class='ocrx_word' id='word_1_218' title='bbox 1602 1915 1773 1977; x_wconf 90' lang='lat' dir='ltr'>pilulae</span> <span class='ocrx_word' id='word_1_219' title='bbox 1803 1923 1855 1962; x_wconf 83' lang='lat'>85</span> 
     </span>
     <span class='ocr_line' id='line_1_28' title="bbox 179 1984 1857 2047; baseline 0 -17"><span class='ocrx_word' id='word_1_220' title='bbox 179 1986 392 2045; x_wconf 89' lang='lat' dir='ltr'>cupressi</span> <span class='ocrx_word' id='word_1_221' title='bbox 428 1984 646 2031; x_wconf 90' lang='lat' dir='ltr'>decoctae</span> <span class='ocrx_word' id='word_1_222' title='bbox 684 1986 873 2047; x_wconf 87' lang='lat' dir='ltr'>fuerint,</span> <span class='ocrx_word' id='word_1_223' title='bbox 910 1999 1018 2032; x_wconf 89' lang='lat' dir='ltr'>cum</span> <span class='ocrx_word' id='word_1_224' title='bbox 1055 1987 1160 2031; x_wconf 92' lang='lat' dir='ltr'>vino</span> <span class='ocrx_word' id='word_1_225' title='bbox 1197 1991 1384 2032; x_wconf 89' lang='lat' dir='ltr'>austero</span> <span class='ocrx_word' id='word_1_226' title='bbox 1416 1993 1566 2047; x_wconf 90' lang='lat' dir='ltr'>epota.</span> <span class='ocrx_word' id='word_1_227' title='bbox 1628 1986 1773 2047; x_wconf 82' lang='lat' dir='ltr'>Aqua,</span> <span class='ocrx_word' id='word_1_228' title='bbox 1804 1993 1857 2031; x_wconf 85' lang='lat'>86</span> 
     </span>
     <span class='ocr_line' id='line_1_29' title="bbox 178 2053 1771 2117; baseline 0.002 -18"><span class='ocrx_word' id='word_1_229' title='bbox 178 2055 226 2099; x_wconf 91' lang='lat' dir='ltr'>in</span> <span class='ocrx_word' id='word_1_230' title='bbox 266 2068 356 2114; x_wconf 90' lang='lat' dir='ltr'>qua</span> <span class='ocrx_word' id='word_1_231' title='bbox 392 2053 513 2100; x_wconf 92' lang='lat' dir='ltr'>lauri</span> <span class='ocrx_word' id='word_1_232' title='bbox 548 2054 656 2100; x_wconf 88' lang='lat' dir='ltr'>folia</span> <span class='ocrx_word' id='word_1_233' title='bbox 692 2055 868 2101; x_wconf 84' lang='lat' dir='ltr'>fuerint</span> <span class='ocrx_word' id='word_1_234' title='bbox 905 2055 1110 2117; x_wconf 88' lang='lat' dir='ltr'>decocta,</span> <span class='ocrx_word' id='word_1_235' title='bbox 1146 2057 1278 2116; x_wconf 90' lang='lat' dir='ltr'>potui</span> <span class='ocrx_word' id='word_1_236' title='bbox 1315 2061 1501 2116; x_wconf 91' lang='lat' dir='ltr'>sumpta</span> <span class='ocrx_word' id='word_1_237' title='bbox 1530 2057 1771 2102; x_wconf 91' lang='lat' dir='ltr'>intestino-</span> 
     </span>
     <span class='ocr_line' id='line_1_30' title="bbox 179 2122 825 2170; baseline 0.003 -2"><span class='ocrx_word' id='word_1_238' title='bbox 179 2137 284 2169; x_wconf 89' lang='lat' dir='ltr'>rum</span> <span class='ocrx_word' id='word_1_239' title='bbox 322 2122 561 2169; x_wconf 92' lang='lat' dir='ltr'>doloribus</span> <span class='ocrx_word' id='word_1_240' title='bbox 599 2124 825 2170; x_wconf 89' lang='lat' dir='ltr'>medetur.</span> 
     </span>
    </p>

    <p class='ocr_par' dir='ltr' id='par_1_12' title="bbox 118 2192 1857 2463">
     <span class='ocr_line' id='line_1_31' title="bbox 118 2192 1857 2253; baseline 0.001 -16"><span class='ocrx_word' id='word_1_241' title='bbox 118 2207 159 2238; x_wconf 77' lang='lat'>30</span> <span class='ocrx_word' id='word_1_242' title='bbox 321 2193 389 2238; x_wconf 88' lang='lat' dir='ltr'>Ad</span> <span class='ocrx_word' id='word_1_243' title='bbox 433 2192 713 2253; x_wconf 87' lang='lat' dir='ltr'>profluvium</span> <span class='ocrx_word' id='word_1_244' title='bbox 757 2199 804 2239; x_wconf 89' lang='lat' dir='ltr'>et</span> <span class='ocrx_word' id='word_1_245' title='bbox 847 2194 1234 2239; x_wconf 86' lang='lat' dir='ltr'>incontinentiam</span> <span class='ocrx_word' id='word_1_246' title='bbox 1286 2196 1461 2241; x_wconf 89' lang='lat' dir='ltr'>ventris</span> <span class='ocrx_word' id='word_1_247' title='bbox 1513 2193 1774 2240; x_wconf 89' lang='lat' dir='ltr'>remedium</span> <span class='ocrx_word' id='word_1_248' title='bbox 1804 2201 1857 2238; x_wconf 85' lang='lat'>87</span> 
     </span>
     <span class='ocr_line' id='line_1_32' title="bbox 182 2261 1774 2324; baseline 0.001 -16"><span class='ocrx_word' id='word_1_249' title='bbox 182 2263 270 2309; x_wconf 90' lang='lat' dir='ltr'>sic:</span> <span class='ocrx_word' id='word_1_250' title='bbox 307 2261 452 2308; x_wconf 88' lang='lat' dir='ltr'>Malva</span> <span class='ocrx_word' id='word_1_251' title='bbox 490 2263 795 2309; x_wconf 87' lang='lat' dir='ltr'>circumfossa</span> <span class='ocrx_word' id='word_1_252' title='bbox 832 2263 971 2323; x_wconf 83' lang='lat' dir='ltr'>ferro,</span> <span class='ocrx_word' id='word_1_253' title='bbox 1011 2262 1135 2323; x_wconf 93' lang='lat' dir='ltr'>quod</span> <span class='ocrx_word' id='word_1_254' title='bbox 1172 2277 1227 2308; x_wconf 88' lang='lat' dir='ltr'>ex</span> <span class='ocrx_word' id='word_1_255' title='bbox 1266 2269 1463 2324; x_wconf 88' lang='lat' dir='ltr'>utraque</span> <span class='ocrx_word' id='word_1_256' title='bbox 1501 2269 1633 2324; x_wconf 87' lang='lat' dir='ltr'>parte</span> <span class='ocrx_word' id='word_1_257' title='bbox 1667 2277 1774 2310; x_wconf 87' lang='lat' dir='ltr'>acu-</span> 
     </span>
     <span class='ocr_line' id='line_1_33' title="bbox 181 2331 1776 2395; baseline 0.001 -18"><span class='ocrx_word' id='word_1_258' title='bbox 181 2337 277 2377; x_wconf 89' lang='lat' dir='ltr'>tam</span> <span class='ocrx_word' id='word_1_259' title='bbox 314 2332 460 2378; x_wconf 89' lang='lat' dir='ltr'>aciem</span> <span class='ocrx_word' id='word_1_260' title='bbox 496 2331 683 2395; x_wconf 79' lang='lat' dir='ltr'>haheat,</span> <span class='ocrx_word' id='word_1_261' title='bbox 728 2339 774 2378; x_wconf 89' lang='lat' dir='ltr'>et</span> <span class='ocrx_word' id='word_1_262' title='bbox 818 2333 1028 2392; x_wconf 89' lang='lat' dir='ltr'>praecisa</span> <span class='ocrx_word' id='word_1_263' title='bbox 1068 2347 1094 2378; x_wconf 91' lang='lat' dir='ltr'>a</span> <span class='ocrx_word' id='word_1_264' title='bbox 1131 2334 1373 2393; x_wconf 90' lang='lat' dir='ltr'>superiore</span> <span class='ocrx_word' id='word_1_265' title='bbox 1412 2333 1467 2379; x_wconf 90' lang='lat' dir='ltr'>ad</span> <span class='ocrx_word' id='word_1_266' title='bbox 1504 2333 1776 2379; x_wconf 82' lang='lat' dir='ltr'>inferiorem</span> 
     </span>
     <span class='ocr_line' id='line_1_34' title="bbox 184 2400 1775 2463; baseline 0.002 -18"><span class='ocrx_word' id='word_1_267' title='bbox 184 2406 384 2462; x_wconf 86' lang='lat' dir='ltr'>partem,</span> <span class='ocrx_word' id='word_1_268' title='bbox 430 2400 476 2446; x_wconf 92' lang='lat' dir='ltr'>id</span> <span class='ocrx_word' id='word_1_269' title='bbox 522 2408 593 2447; x_wconf 90' lang='lat' dir='ltr'>est</span> <span class='ocrx_word' id='word_1_270' title='bbox 638 2416 787 2463; x_wconf 92' lang='lat' dir='ltr'>usque</span> <span class='ocrx_word' id='word_1_271' title='bbox 833 2402 889 2447; x_wconf 92' lang='lat' dir='ltr'>ad</span> <span class='ocrx_word' id='word_1_272' title='bbox 934 2401 1158 2463; x_wconf 88' lang='lat' dir='ltr'>radicem,</span> <span class='ocrx_word' id='word_1_273' title='bbox 1197 2402 1363 2448; x_wconf 90' lang='lat' dir='ltr'>deinde</span> <span class='ocrx_word' id='word_1_274' title='bbox 1401 2402 1530 2448; x_wconf 88' lang='lat' dir='ltr'>radix</span> <span class='ocrx_word' id='word_1_275' title='bbox 1570 2404 1671 2448; x_wconf 89' lang='lat' dir='ltr'>eius</span> <span class='ocrx_word' id='word_1_276' title='bbox 1708 2404 1775 2448; x_wconf 91' lang='lat' dir='ltr'>in-</span> 
     </span>
    </p>
   </div>
   <div class='ocr_carea' id='block_1_3' title="bbox 187 2519 1777 2742">
    <p class='ocr_par' dir='ltr' id='par_1_13' title="bbox 187 2519 1777 2742">
     <span class='ocr_line' id='line_1_35' title="bbox 329 2519 1775 2575; baseline 0.002 -15"><span class='ocrx_word' id='word_1_277' title='bbox 329 2523 350 2560; x_wconf 91' lang='lat'>1</span> <span class='ocrx_word' id='word_1_278' title='bbox 381 2520 569 2563; x_wconf 83' lang='lat' dir='ltr'>vitellus.</span> <span class='ocrx_word' id='word_1_279' title='bbox 655 2520 942 2575; x_wconf 76' lang='lat' dir='ltr'>pei-miscebis</span> <span class='ocrx_word' id='word_1_280' title='bbox 974 2521 1240 2574; x_wconf 73' lang='lat' dir='ltr'>Stephanus:</span> <span class='ocrx_word' id='word_1_281' title='bbox 1269 2519 1520 2575; x_wconf 87' lang='lat' dir='ltr'>permisces.</span> <span class='ocrx_word' id='word_1_282' title='bbox 1608 2527 1632 2563; x_wconf 89' lang='lat'><strong>3</strong></span> <span class='ocrx_word' id='word_1_283' title='bbox 1664 2521 1775 2575; x_wconf 87' lang='lat' dir='ltr'>pixi-</span> 
     </span>
     <span class='ocr_line' id='line_1_36' title="bbox 187 2575 1774 2631; baseline 0.003 -16"><span class='ocrx_word' id='word_1_284' title='bbox 187 2575 301 2615; x_wconf 83' lang='lat' dir='ltr'>dem.</span> <span class='ocrx_word' id='word_1_285' title='bbox 460 2580 487 2616; x_wconf 88' lang='lat'>4</span> <span class='ocrx_word' id='word_1_286' title='bbox 516 2576 758 2619; x_wconf 83' lang='lat' dir='ltr'>abellanae.</span> <span class='ocrx_word' id='word_1_287' title='bbox 918 2581 942 2618; x_wconf 92' lang='lat'>8</span> <span class='ocrx_word' id='word_1_288' title='bbox 971 2577 1079 2619; x_wconf 79' lang='lat' dir='ltr'>tosti</span> <span class='ocrx_word' id='word_1_289' title='bbox 1112 2577 1362 2620; x_wconf 74' lang='lat' dir='ltr'>Oornarius.</span> <span class='ocrx_word' id='word_1_290' title='bbox 1507 2582 1531 2619; x_wconf 83' lang='lat'>9</span> <span class='ocrx_word' id='word_1_291' title='bbox 1564 2579 1774 2631; x_wconf 76' lang='lat' dir='ltr'>sumptos.</span> 
     </span>
     <span class='ocr_line' id='line_1_37' title="bbox 187 2628 1777 2686; baseline 0.002 -15"><span class='ocrx_word' id='word_1_292' title='bbox 187 2634 242 2671; x_wconf 84' lang='lat'>20</span> <span class='ocrx_word' id='word_1_293' title='bbox 271 2628 488 2672; x_wconf 75' lang='lat' dir='ltr'>inflationi</span> <span class='ocrx_word' id='word_1_294' title='bbox 516 2633 692 2686; x_wconf 77' lang='lat' dir='ltr'>scripsi.-</span> <span class='ocrx_word' id='word_1_295' title='bbox 721 2632 962 2675; x_wconf 79' lang='lat' dir='ltr'>inflatione.</span> <span class='ocrx_word' id='word_1_296' title='bbox 1064 2637 1115 2673; x_wconf 87' lang='lat'>23</span> <span class='ocrx_word' id='word_1_297' title='bbox 1148 2632 1328 2674; x_wconf 78' lang='lat' dir='ltr'>subitos.</span> <span class='ocrx_word' id='word_1_298' title='bbox 1429 2637 1482 2675; x_wconf 83' lang='lat'>26</span> <span class='ocrx_word' id='word_1_299' title='bbox 1513 2632 1777 2686; x_wconf 73' lang='lat' dir='ltr'>dysintheri-</span> 
     </span>
     <span class='ocr_line' id='line_1_38' title="bbox 189 2685 1314 2742; baseline 0.004 -16"><span class='ocrx_word' id='word_1_300' title='bbox 189 2685 264 2727; x_wconf 86' lang='lat' dir='ltr'>cis.</span> <span class='ocrx_word' id='word_1_301' title='bbox 380 2690 433 2728; x_wconf 83' lang='lat'>27</span> <span class='ocrx_word' id='word_1_302' title='bbox 465 2688 613 2742; x_wconf 81' lang='lat' dir='ltr'>epota]</span> <span class='ocrx_word' id='word_1_303' title='bbox 645 2690 710 2730; x_wconf 79' lang='lat' dir='ltr'>est</span> <span class='ocrx_word' id='word_1_304' title='bbox 739 2689 859 2742; x_wconf 71' lang='lat' dir='ltr'>pota..</span> <span class='ocrx_word' id='word_1_305' title='bbox 975 2692 1028 2730; x_wconf 83' lang='lat'>32</span> <span class='ocrx_word' id='word_1_306' title='bbox 1058 2689 1314 2741; x_wconf 84' lang='lat' dir='ltr'>praecisam.</span> 
     </span>
    </p>
   </div>
  </div>
 </body>
</html>
