1898 3016
763 103 1204 159 —132—‘

102 246 125 284 7
156 237 253 282 riae
284 235 406 297 facit,
437 236 770 282 reservandum
802 242 958 283 autem
988 243 1060 283 est
1088 236 1256 298 pyxide
1286 236 1450 284 buxea.
1498 239 1751 301 Arteriace,

92 1499 117 1536 8

93 1570 117 1606 9

66 1708 118 1746 10

67 1848 116 1885 11

66 1988 117 2024 12

67 2058 117 2094 13

65 2267 118 2304 14

67 2335 118 2374 15

158 320 248 366 qua
285 304 450 351 melior
486 320 579 351 non
618 312 703 368 est,
740 307 946 353 refertur
983 312 1138 352 autem
1176 307 1225 352 in
1263 306 1566 369 Asclepiaden
1604 309 1750 355 medi·

156 388 265 420 cum
303 376 551 437 optimum,
590 376 700 422 facit
738 376 793 422 ad
833 377 986 422 omnia
1025 377 1242 436 superius
1280 375 1402 423 dicta
1439 383 1486 424 et
1523 378 1749 439 quidquid

154 446 203 490 in
234 446 420 491 arteriis
450 446 552 491 vitii
582 451 654 492 est
684 446 938 492 efficaciter
961 451 1109 507 curat,
1140 451 1322 492 constat
1351 460 1407 492 ex
1437 446 1532 493 his:
1569 447 1750 509 Myrrae

155 516 355 574 optimae
386 515 575 576 pinguis
613 514 652 560 X
677 515 862 576 XXIIII,
899 514 1190 576 tragacanthi
1228 516 1411 563 candidi
1442 516 1482 562 X
1504 516 1748 579 XXXVIII,
1772 531 1792 562 5

153 583 469 645 glycyrrhizae
507 585 678 631 radicis
718 585 757 630 X
788 584 951 646 XVIII,
996 586 1180 631 resinae
1225 585 1568 632 terebinthinae
1615 601 1752 634 verae

157 652 197 699 X
227 652 428 701 XXXVI.
476 653 849 715 Tragacanthum
880 656 1001 701 sicut
1033 661 1104 700 est
1134 655 1358 701 contundi
1389 662 1436 702 et
1465 655 1752 716 percribrari

155 724 287 769 tenui
317 723 545 770 foramine
578 731 776 786 oportet,
809 725 977 771 deinde
1007 738 1210 785 myrram
1241 726 1398 771 tritam
1431 739 1643 772 seorsum
1675 726 1750 772 ad-

152 794 344 839 misceri
381 799 428 840 et
465 808 632 840 rursus
671 801 870 855 utraque
908 796 957 840 in
996 808 1141 840 unum
1180 794 1259 840 diu
1297 796 1387 840 teri
1424 802 1563 856 atque
1600 798 1665 842 ita
1701 797 1749 842 in

152 862 292 924 pilam
339 864 459 909 coici
510 870 556 910 et
611 863 676 909 ibi
734 879 840 910 cum
893 863 1214 910 concaluerint
1266 866 1419 910 omnia
1479 867 1577 911 ictu
1629 865 1748 926 pilae
1774 882 1813 912 ιο

153 932 362 995 assiduo,
407 933 769 980 terebinthinam
822 933 1044 994 paulatim
1089 935 1298 996 misceri,
1350 934 1496 980 donec
1541 937 1748 982 omnium

152 1003 307 1048 unitas
352 1003 456 1065 fiat3
514 1010 677 1064 postea
728 1003 1063 1065 glycyrrhizam
1116 1009 1358 1049 contusam
1404 1011 1451 1050 et
1499 1004 1750 1051 cribratam

150 1073 467 1133 mortarioque
499 1072 644 1119 nihilo
673 1075 828 1119 minus
862 1072 1110 1133 diligenter
1141 1074 1299 1119 tritam
1330 1075 1503 1119 sensim
1534 1074 1751 1135 adspergi

153 1143 384 1188 convenit.
443 1141 532 1188 Sed
565 1142 645 1188 uhi
676 1143 790 1188 haec
820 1142 940 1189 bene
970 1144 1113 1188 mixta
1144 1143 1332 1205 suerint,
1363 1143 1473 1189 dum
1507 1143 1626 1190 calet
1655 1159 1748 1190 me·

150 1210 479 1273 dicamentum,
509 1211 669 1272 plures
700 1212 924 1259 accedant
950 1218 996 1258 et
1018 1211 1184 1272 pilulas
1208 1212 1380 1259 faciant
1402 1214 1547 1259 viciae
1574 1215 1748 1274 magni·
1772 1228 1814 1260 15

150 1280 326 1327 tudine.
381 1280 457 1327 Fit
488 1283 611 1327 enim
644 1283 736 1328 cito
768 1282 1019 1328 durissima
1049 1281 1163 1328 haec
1194 1283 1420 1328 arteriace
1450 1292 1498 1328 et
1526 1282 1616 1329 hoc
1646 1285 1747 1344 ipso

147 1350 391 1411 praecedit
422 1356 615 1413 ceteras,
655 1354 762 1412 quia
792 1351 976 1412 linguae
1008 1351 1217 1398 subiecta
1249 1366 1343 1398 non
1374 1352 1507 1398 facile
1539 1353 1748 1416 solvitur,

149 1426 196 1466 et
233 1422 296 1467 ita
334 1420 511 1467 diutius
550 1421 740 1468 exhibet
777 1421 1063 1468 salubritatis
1102 1422 1333 1468 effectum.

289 1490 532 1537 Brassicae
563 1491 735 1537 crudae
769 1491 928 1537 folium
960 1491 1195 1538 levissime
1225 1494 1382 1555 terit0,
1418 1506 1474 1537 ex
1503 1506 1556 1538 eo
1581 1507 1746 1539 sucum

151 1561 420 1622 exprimito,
466 1575 558 1621 quo
605 1576 693 1607 uva
738 1567 950 1608 contacta
992 1567 1208 1622 potenter
1245 1560 1527 1608 sublevatur.
1601 1561 1810 1609 Pruni20

149 1629 257 1675 folia
295 1631 391 1676 sive
430 1632 566 1676 sativi
602 1645 685 1677 seu
725 1630 955 1677 silvestris
1000 1646 1056 1677 ex
1093 1632 1200 1676 vino
1239 1631 1430 1677 decocta
1476 1637 1523 1677 et
1561 1633 1746 1692 saepius

149 1699 426 1759 gargalizata
463 1715 598 1746 uvam
630 1700 813 1746 resilire
845 1700 1144 1761 compellunt.
1205 1700 1357 1747 Gallae
1388 1703 1525 1747 tritae
1555 1701 1747 1762 pulvere

147 1784 236 1815 uva
274 1775 487 1816 contacta
525 1770 687 1816 eodem
727 1771 801 1816 die
839 1771 1011 1833 resilit,
1058 1772 1098 1817 si
1134 1777 1208 1816 ter
1246 1772 1290 1816 ei
1324 1772 1584 1817 interiectis
1617 1770 1747 1818 horis

147 1839 438 1885 medicamen
484 1840 628 1886 fuerit
674 1840 951 1901 adpositum.
1027 1840 1202 1901 Capitis
1240 1842 1410 1886 summi
1447 1842 1668 1887 verticem
1707 1843 1747 1887 si

148 1910 254 1969 quis
294 1924 429 1955 uvam
470 1909 698 1956 laboranti
740 1910 951 1956 mordeat
988 1912 1193 1972 inopino,
1231 1911 1358 1956 omni
1388 1924 1495 1956 eum
1532 1910 1745 1957 molestia
1768 1926 1810 1958 25

147 1978 376 2025 liberabit.
432 1979 486 2025 In
515 1981 750 2040 principio
783 1980 956 2026 doloris
987 1995 1075 2026 uva
1106 1979 1225 2026 bene
1250 1979 1533 2043 sublevatur,
1564 1982 1604 2026 si
1627 1995 1745 2041 aqua

149 2048 315 2108 frigida
350 2048 420 2094 vel
449 2064 591 2109 posca
622 2050 814 2096 adsidue
845 2049 1164 2111 gargalizetur.
1216 2049 1402 2096 Lotium
1431 2055 1562 2096 vetus
1586 2050 1744 2096 huma·

148 2132 262 2164 num
300 2118 480 2165 adiecto
521 2134 658 2165 croco
697 2119 753 2166 ab
791 2121 941 2166 inscio
978 2134 1037 2166 ne
1075 2119 1279 2166 fastidiat
1316 2126 1504 2180 epotum
1542 2119 1613 2164 vel
1643 2134 1744 2180 gar-

147 2187 393 2248 galizatum
437 2190 609 2235 mirum
656 2191 704 2235 in
749 2190 938 2236 modum
984 2204 1120 2236 uvam
1157 2190 1372 2250 reprimit
1416 2194 1462 2234 et
1499 2191 1744 2235 consumit.

150 2257 277 2303 Cinis
322 2264 549 2305 testarum
596 2266 810 2305 ustarum
854 2275 910 2306 ex
947 2261 1115 2306 ostreis
1154 2273 1260 2305 cum
1300 2257 1434 2304 melle
1472 2260 1744 2305 tenuissime
1767 2275 1809 2305 30

151 2329 383 2374 contritus
423 2343 535 2374 uvae
573 2329 735 2375 inlitus
773 2329 978 2389 prodest.
1038 2328 1160 2375 Rubi
1198 2327 1382 2374 coliculi
1413 2330 1566 2374 teneri
1597 2328 1744 2375 disco-

149 2404 359 2458 quuntur
397 2412 454 2443 ex
491 2400 595 2444 vino
631 2399 772 2460 idque
805 2401 961 2445 vinum
992 2398 1311 2460 gargalizatur,
1342 2397 1466 2458 quod
1498 2398 1743 2444 confestim

264 2538 284 2572 1
316 2533 647 2587 reservandum]
688 2533 949 2574 servandum
983 2531 1232 2574 Cornarius.
1348 2537 1374 2572 4
1404 2531 1597 2587 arteriis]
1630 2533 1743 2574 arte-

148 2585 214 2627 ria
239 2586 489 2630 Gornarws,
577 2589 708 2630 vitiis.
797 2594 820 2629 6
850 2588 1124 2641 clycyriizae.
1212 2592 1236 2629 8
1271 2588 1448 2640 oportit.
1537 2592 1589 2628 10
1612 2588 1742 2630 iectu.

151 2645 202 2682 11
234 2642 568 2686 terebentinam.
708 2649 757 2686 12
789 2643 1081 2698 glicaerizam.
1215 2648 1265 2685 15
1296 2644 1444 2686 vitiae.
1577 2648 1628 2685 16
1659 2645 1742 2685 hoc

148 2710 227 2740 om.
346 2703 396 2740 17
426 2698 526 2741 fale.
630 2705 681 2741 20
713 2700 969 2753 exprimeto.
1071 2703 1123 2740 22
1154 2699 1344 2742 resilere.
1439 2703 1492 2740 25
1523 2698 1740 2742 liberauit.

148 2757 201 2795 27
232 2754 491 2809 humanum]
523 2755 761 2798 hominum,
812 2793 814 2795 .
