1930 3008
813 133 1194 182 —378—

201 259 460 322 saliuncae,
506 261 684 322 cyperi,
724 260 1026 322 cardamomi,
1066 260 1353 320 singularum
1390 275 1550 308 rerum
1587 262 1796 329 selibras,

201 329 406 376 euforbii
442 355 511 361 —
541 329 638 392 1111,
676 329 866 376 adarces
904 329 952 376 P.
983 330 1016 392 Ι,
1055 332 1236 376 resinae
1273 330 1322 378 P.
1353 330 1430 392 111,
1467 346 1601 379 cerae
1638 333 1796 380 Ponti-

202 413 286 446 cae
323 399 372 446 P.
402 399 456 446 ΙΙ.
522 399 620 446 Hoc
659 406 869 446 cerotum
907 401 1024 446 mire
1062 399 1313 461 podagram
1351 400 1478 448 lenit.

115 480 172 517 58
344 467 633 516 Vermiculos
678 475 929 516 terrestres
974 471 1021 515 in
1068 476 1199 516 aceto
1244 484 1328 530 per
1372 477 1558 518 noctem
1607 486 1795 520 manere

204 538 411 597 curabis,
452 545 502 586 ut
539 554 588 585 se
627 540 751 585 omni
790 538 927 585 sorde
964 545 1187 601 purgent,
1224 553 1358 586 mane
1396 555 1477 586 eos
1514 541 1711 588 siccabis
1749 548 1838 590 ets

204 623 261 655 ex
302 608 377 655 his
433 634 490 640 —
540 608 602 654 IX
652 610 701 654 in
752 607 918 654 libram
963 610 1188 669 axungiae
1234 611 1390 656 mittes
1445 616 1491 656 et
1535 610 1797 659 diutissime

203 684 434 741 conteres,
472 684 524 725 ut
560 692 707 724 unum
746 692 918 738 corpus
957 678 1146 740 efficias,
1184 685 1231 724 et
1260 693 1344 739 pro
1376 687 1534 726 ceroto
1564 682 1712 728 uteris
1740 681 1797 728 ad

202 748 432 795 sedandos
470 747 642 808 pedum
680 747 935 808 quamlibet
973 748 1191 794 molestos
1229 748 1427 795 dolores.

115 828 170 866 59
341 817 523 864 Medius
559 817 676 878 lapis
713 817 830 865 lacte
865 817 1083 864 muliebri
1113 818 1287 865 dilutus
1319 824 1366 865 et
1395 819 1608 879 pellicula
1637 820 1796 882 lupina

202 887 461 949 conligatus
499 894 805 949 portatusque
851 893 898 933 et
937 889 986 933 in
1022 890 1259 948 praesenti
1296 894 1343 934 et
1379 889 1601 950 deinceps
1637 891 1686 936 in
1723 890 1791 937 fu·
1815 906 1856 937 10

115 969 170 1006 60
202 964 361 1004 turum
405 964 590 1018 tempus
635 957 886 1018 podagram
931 959 1192 1004 certissime
1238 957 1543 1005 submovebit.
1611 959 1794 1006 Colum-

200 1027 336 1074 binae
373 1029 542 1088 pinnae
581 1029 779 1073 maxime
815 1029 1019 1087 primum
1056 1033 1302 1074 nascentes
1341 1034 1471 1074 ustae
1508 1043 1614 1075 cum
1645 1031 1796 1077 urtica

200 1103 339 1158 atque
376 1098 606 1157 inpositae
643 1096 874 1157 podagrae
913 1096 1097 1142 dolores
1135 1096 1300 1143 levant.

115 1179 168 1217 61
341 1166 612 1212 Terrestres
656 1165 875 1212 lumbrici
919 1165 975 1212 ad
1012 1180 1280 1212 mensuram
1318 1166 1547 1214 acetabuli
1590 1169 1639 1213 in
1683 1167 1794 1214 mel-

198 1237 256 1283 lis
295 1236 444 1296 cotyla
483 1237 673 1282 contriti
711 1242 757 1281 et
794 1237 986 1296 inpositi
1015 1235 1227 1297 pedihus,
1266 1239 1346 1297 qui
1375 1239 1506 1298 prius
1537 1236 1637 1284 oleo
1670 1252 1795 1285 rosa·
1817 1253 1858 1285 15

200 1321 283 1353 ceo
321 1307 453 1353 uncti
497 1305 693 1367 fuerint,
738 1319 790 1351 ac
835 1307 975 1352 tertio
1021 1305 1095 1352 die
1142 1305 1283 1352 soluti
1328 1313 1374 1352 et
1412 1308 1568 1353 statim
1604 1321 1793 1355 rursum

199 1377 407 1437 impositi
459 1381 506 1421 et
547 1375 803 1424 ‚confestim
857 1374 1065 1421 dolorem
1117 1374 1299 1422 leniunt
1358 1383 1404 1423 et
1454 1378 1502 1422 in
1553 1383 1795 1437 posterum

198 1446 380 1493 tollunt.

113 1526 167 1565 62
340 1515 536 1576 Vulpem
574 1529 631 1560 ex
661 1529 779 1575 aqua
811 1515 1013 1576 coquitO,
1051 1514 1198 1561 donec
1228 1515 1481 1579 mollescat,
1512 1522 1559 1563 et
1589 1531 1646 1562 ex
1677 1531 1794 1578 aqua

200 1585 434 1647 percolata
473 1584 618 1646 pedes
657 1584 849 1631 adsidue
887 1585 1060 1647 fovet03
1099 1599 1190 1645 quo
1229 1585 1349 1631 facto
1388 1584 1628 1633 doloribus
1659 1586 1791 1634 facile
1815 1602 1856 1633 20

201 1657 352 1703 careri
389 1655 478 1701 hoc
515 1654 724 1701 remedio
764 1653 950 1715 quidam
989 1654 1260 1715 frequenter
1299 1657 1480 1716 experti
1516 1662 1638 1703 sunt.

114 1738 167 1776 63
339 1724 604 1786 Lenticula,
651 1738 767 1785 quae
812 1725 861 1770 in
909 1738 1027 1784 aqua
1071 1726 1301 1787 nascitur,
1353 1740 1492 1786 quam
1541 1727 1794 1772 tenerrima

200 1803 395 1842 contusa
434 1801 480 1840 et
515 1802 763 1854 antequam
802 1793 1013 1840 cubitum
1052 1800 1125 1840 eat
1163 1796 1220 1856 ei,
1257 1796 1339 1855 qui
1376 1795 1501 1841 dolet
1529 1795 1687 1858 pedes,
1724 1797 1792 1842 in·

198 1867 363 1927 posita,
401 1864 568 1910 deinde
607 1865 884 1924 interposito
922 1870 1132 1924 tempore
1171 1863 1364 1927 sublata,
1402 1874 1448 1911 et
1477 1864 1623 1911 herba
1652 1879 1792 1912 cucu-

198 1935 271 1982 lus
307 1936 418 1981 trita
454 1936 503 1980 in
541 1934 768 1995 reliquam
805 1939 984 1994 partem
1023 1934 1174 1979 noctis
1212 1935 1412 1995 inposita
1450 1937 1565 1980 mire
1604 1934 1788 1981 dolores
1810 1948 1852 1981 25

113 2016 168 2054 64
198 2005 429 2066 podagrae
475 2003 618 2050 sedat.
685 2002 852 2049 Farina
893 2003 1116 2049 frumenti
1154 2018 1210 2049 ex
1247 2011 1377 2050 aceto
1416 2010 1546 2050 cocta
1584 2004 1792 2051 dolorem

197 2075 428 2136 podagrae
467 2075 623 2119 statim
662 2073 793 2119 sedat
828 2074 1042 2135 inposita,
1081 2073 1162 2119 sed
1199 2073 1350 2119 lenius
1384 2074 1672 2120 medicamen
1703 2075 1792 2121 erit

198 2145 378 2191 adiecto
416 2143 552 2189 melle
590 2157 684 2189 non
722 2142 882 2189 multo.

113 2225 166 2262 65
338 2214 551 2274 Pampini
581 2214 745 2259 vitium
775 2213 875 2258 triti
906 2219 953 2259 et
974 2213 1181 2274 impositi
1204 2218 1434 2259 tumorem
1457 2213 1629 2273 pedum
1651 2214 1788 2259 mira-

198 2283 357 2330 biliter
395 2284 654 2345 exsiccant3
693 2283 811 2328 cinis
849 2296 1035 2343 quoque
1073 2284 1237 2329 vitium
1268 2297 1374 2329 cum
1404 2284 1600 2343 axungia
1632 2290 1787 2329 vetere
1811 2298 1852 2329 30

198 2353 420 2400 subactus
459 2360 506 2399 et
542 2353 789 2413 impositus
827 2352 949 2398 idem
988 2358 1194 2413 praestat
1227 2366 1407 2398 necnon
1442 2359 1488 2399 et
1517 2351 1573 2398 ad
1604 2351 1691 2398 hoc
1724 2351 1790 2398 sal

198 2425 513 2469 ammoniacus
554 2437 661 2468 cum
698 2424 799 2482 pari
837 2436 1055 2468 mensura
1092 2423 1212 2483 picis
1249 2429 1296 2468 et
1333 2436 1466 2468 cerae
1505 2428 1666 2468 coctus
1705 2423 1788 2468 im-

113 2503 165 2541 66
197 2495 401 2553 ponitur.
467 2492 687 2553 Plantago
733 2506 840 2537 cum
878 2493 1076 2552 axungia
1113 2491 1304 2538 subacta
1342 2497 1388 2537 et
1423 2493 1638 2553 imposita
1675 2491 1790 2538 lenit

197 2562 369 2622 pedum
415 2561 621 2623 dolores,
672 2561 811 2607 limus
865 2576 1050 2622 quoque
1097 2563 1338 2622 aquaticus
1384 2575 1491 2607 cum
1535 2560 1636 2607 oleo
1681 2561 1788 2608 sub·

196 2638 328 2678 actus
365 2631 617 2691 plurimum
655 2630 859 2692 prodest.
1809 2643 1850 2676 35

115 2711 167 2750 67
339 2701 492 2760 Adeps
531 2702 689 2746 ursina
728 2715 835 2747 cum
873 2714 980 2746 sevo
1018 2701 1202 2747 taurino
1238 2706 1283 2745 et
1314 2714 1420 2745 cera
1450 2701 1551 2760 pari
1581 2700 1786 2760 pondere

198 2771 527 2831 decoquuntur
572 2784 719 2830 eoque
767 2775 925 2816 ceroto
970 2769 1171 2831 podagra
1210 2775 1421 2816 contacta
1465 2769 1638 2816 lenitur
1681 2783 1787 2816 nec-
