1898 3016
772 109 1147 159 —101—

167 236 361 284 Faciunt
404 235 522 282 bene
567 236 622 282 ad
661 238 844 283 aurium
882 237 991 283 vitia
1030 243 1075 283 et
1117 235 1386 299 emplastra,
1424 251 1542 298 quae
1581 238 1753 298 scripta
1787 247 1839 284 63

166 313 275 353 sunt
318 306 365 351 in
404 306 610 352 secundo
648 305 788 367 libro,
833 306 1031 367 plurima
1071 320 1174 352 rosa
1214 306 1284 351 vel
1321 305 1611 367 amygdalino
1649 307 1756 352 vino

165 375 330 436 diluta,
390 377 640 436 praecipue
693 390 810 437 quae
862 376 1185 422 inscribuntur
1236 375 1473 437 Cyzicena.
1561 375 1757 422 Terreni
1788 385 1842 424 64

165 459 347 491 vermes
398 459 504 491 cum
556 445 690 506 adipe
742 447 922 492 anseris
975 446 1158 492 decocti
1207 445 1520 492 infunduntur
1565 445 1758 492 auribus

123 520 326 561 scontra
370 516 460 561 iarn
505 514 743 575 deplorata
789 517 910 562 vitia.
986 515 1186 576 Spumae
1227 516 1407 576 argenti
1445 508 1507 582 ‘9‘
1545 514 1624 577 VI,
1668 514 1759 561 olei
1789 523 1842 564 65

166 584 334 631 laurini
378 583 542 630 libram
588 590 713 630 teres
758 586 806 630 in
843 587 1066 631 mortario
1106 593 1151 631 et
1189 599 1361 645 coques
1401 584 1456 631 ad
1495 584 1758 646 spissitudi-

166 668 270 700 nem
322 653 470 700 mellis
523 659 568 700 et
613 654 847 700 auriculae
892 654 1068 701 dolenti
1112 654 1344 701 infundes.
1419 654 1468 700 Si
1513 662 1667 700 autem
1713 660 1760 700 et

166 730 334 785 cetera,
365 737 481 784 quae
512 724 631 769 infra
662 725 834 784 scripta
860 730 982 785 sunt,
1006 724 1240 785 habueris,
1272 724 1432 770 eadem
1464 724 1760 770 medicamini

164 792 462 839 admiscebis:
499 792 633 839 Croci
673 787 734 860 ῼσ
773 792 805 853 Ι,
845 808 1030 840 murrae
1069 787 1131 860 ‘9‘
1163 793 1217 855 11,
1255 808 1388 840 rosae
1428 796 1578 840 siccae
1611 787 1672 860 ,βα
1703 792 1758 840 Il.

102 875 143 905 ιο
165 861 287 908 Haec
324 864 539 909 universa
578 865 752 923 pariter
789 862 1008 909 miscebis
1046 870 1092 909 et
1129 863 1365 910 auriculae
1397 863 1574 910 dolenti
1603 864 1757 909 infun-

164 932 268 993 des;
307 947 394 993 qua
430 947 480 978 re
512 932 697 979 curabis
729 939 775 979 et
804 934 1151 979 concretionem
1183 934 1278 979 sive
1310 934 1650 994 ypersarcosim
1681 947 1758 979 au-

163 1002 306 1062 rium,
359 1003 398 1047 si
450 1002 591 1048 addes
637 1008 684 1048 et
737 1002 952 1049 aluminis
1006 1002 1170 1049 schisti
1215 996 1276 1070 ,91
1323 1001 1385 1065 II,
1438 1002 1529 1048 olei
1580 1002 1761 1049 cedrini

164 1070 354 1132 cyathos
388 1065 568 1138 21111.
622 1072 856 1118 Adversus
887 1074 1158 1133 gravitatem
1189 1072 1408 1118 audiendi
1440 1071 1500 1118 fel
1530 1071 1756 1118 bubulum
1790 1085 1842 1123 66

165 1155 271 1186 cum
308 1142 443 1187 urina
479 1141 599 1187 hirci
636 1141 883 1203 auriculae,
916 1157 1032 1203 quae
1065 1142 1323 1188 molestiam
1363 1142 1615 1202 surdiginis
1645 1143 1759 1202 pati-

105 1224 143 1255 15
167 1217 268 1271 tur,
318 1210 563 1257 instillabis
609 1213 857 1271 statimque
904 1211 1164 1258 subvenies.
1248 1212 1452 1258 Auribus
1497 1211 1760 1272 purulentis
1791 1225 1842 1263 6⁷

167 1281 341 1325 nitrum
366 1282 472 1326 vino
500 1280 799 1340 liquefactum
829 1289 954 1327 recte
986 1282 1262 1343 infunditur,
1294 1283 1402 1342 quia
1433 1283 1590 1327 statim
1622 1281 1759 1341 prod-

166 1355 249 1395 est.
323 1349 391 1395 Ad
443 1352 625 1396 aurium
679 1350 907 1412 dolorem,
961 1365 1077 1412 quae
1129 1365 1218 1411 pus
1273 1353 1510 1413 emittent,
1560 1350 1760 1397 laridum
1791 1364 1843 1401 68

166 1420 535 1465 vetustissimum
572 1425 697 1466 teres
734 1421 782 1466 in
821 1422 1043 1466 mortario
1089 1426 1135 1467 et
1173 1435 1337 1467 sucum
1375 1420 1506 1467 illum
1543 1420 1646 1466 lana
1684 1420 1760 1466 de-

166 1487 299 1534 licata
351 1488 598 1535 collectum
651 1491 698 1535 in
751 1489 1005 1536 auriculam
1051 1491 1259 1536 inmittes
1307 1495 1353 1536 et
1398 1490 1596 1536 subinde
1642 1504 1761 1551 aqua

101 1573 143 1603 20
165 1557 308 1603 calida
347 1558 522 1604 fovebis
561 1565 607 1605 et
642 1560 814 1605 iterum
853 1574 1018 1606 sucum
1055 1559 1185 1606 illum
1222 1559 1456 1622 infundes,
1492 1562 1609 1606 mira
1641 1559 1759 1605 velo-

165 1628 302 1673 citate
348 1627 544 1674 sanabis.
618 1628 853 1675 Pullinum
898 1630 1171 1689 sanguinem
1208 1629 1417 1690 tepidum
1456 1632 1504 1675 in
1543 1644 1643 1675 eam
1682 1643 1759 1676 au·
1791 1643 1842 1681 69

164 1710 283 1758 rem,
333 1712 450 1758 quae
497 1698 741 1744 obtunsior
789 1700 878 1745 erit
919 1698 991 1745 vel
1028 1699 1222 1760 dolebit,
1267 1699 1500 1746 infundes.
1573 1699 1760 1746 Lotium
1791 1713 1844 1750 70

164 1767 407 1826 caprinum
453 1767 539 1813 sub
586 1782 639 1813 eo
685 1775 942 1830 momento,
989 1783 1080 1829 quo
1127 1771 1356 1831 egeritur,
1403 1769 1611 1829 tepidum
1658 1769 1760 1815 auri

165 1835 391 1882 obtunsae
436 1837 667 1883 infundes.
740 1838 854 1898 Apri
897 1840 1033 1884 etiam
1078 1838 1239 1884 lotium
1279 1840 1327 1884 in
1366 1838 1492 1884 fumo
1532 1839 1758 1885 siccatum
1790 1852 1841 1891 71

102 1919 142 1950 25
165 1911 210 1951 et
262 1905 395 1952 melle
444 1906 742 1967 liquefactum
789 1909 892 1954 auri
934 1908 1198 1954 infunditur
1243 1914 1289 1954 et
1334 1908 1561 1954 remediat
1605 1908 1756 1954 surdi-

163 1973 365 2034 diginem
410 1975 482 2022 vel
526 1976 746 2023 dolorem.
819 1977 884 2022 Ad
932 1979 1057 2023 auris
1095 1977 1302 2024 dolorem
1339 1977 1431 2024 mel
1468 1977 1756 2024 stillaticium
1788 1991 1844 2029 72

163 2058 280 2104 opus
318 2051 401 2106 est,
440 2046 562 2106 quod
602 2048 663 2092 ita
702 2046 857 2093 facies.
911 2046 1083 2093 Favum
1122 2047 1381 2094 contundes
1420 2054 1466 2093 et
1497 2048 1757 2108 suspendes

162 2115 210 2159 in
253 2114 396 2160 linteo
441 2115 589 2161 nitido
636 2122 682 2162 et
728 2116 872 2162 denso
918 2123 964 2162 et
1002 2117 1125 2177 quod
1164 2117 1490 2164 decucurrerit
1528 2119 1758 2178 suscipies

162 2184 208 2228 in
248 2184 411 2247 calice3
450 2199 589 2246 quem
627 2185 818 2232 calicem
855 2192 1014 2246 postea
1053 2201 1197 2246 pones
1235 2189 1282 2232 in
1320 2186 1459 2233 ollula
1497 2187 1616 2233 fabri
1648 2202 1755 2234 cum

100 2268 141 2298 30
164 2252 308 2299 calida
346 2254 705 2316 ferventissima,
752 2264 975 2316 quantum
1014 2255 1131 2302 calix
1170 2256 1364 2302 sufferre
1403 2258 1572 2318 possit,
1618 2262 1758 2317 atque

164 2322 269 2368 inde
316 2324 575 2370 medicinali
616 2325 805 2385 specillo
843 2327 890 2371 in
929 2340 1087 2372 aurem
1134 2326 1372 2388 infundes,
1413 2340 1529 2386 quae
1569 2325 1758 2388 dolebit,

165 2406 299 2452 quam
339 2392 439 2439 lana
471 2394 671 2440 claudes.
745 2394 900 2441 Iacere
942 2402 1094 2441 autem
1135 2395 1273 2441 debet
1309 2397 1358 2441 in
1395 2395 1484 2441 alio
1522 2395 1665 2442 latere
1703 2397 1758 2453 is,

165 2464 239 2507 cui
278 2463 556 2510 medendum
588 2470 671 2522 est,
709 2471 801 2511 tam
839 2465 933 2526 diu,
972 2466 1116 2511 donec
1150 2464 1383 2511 combibat
1413 2465 1504 2511 mel
1535 2465 1659 2526 quod
1691 2468 1757 2511 in-

165 2530 318 2577 fusum
356 2533 509 2580 fuerit.
584 2533 754 2580 Sabuci
792 2549 926 2581 uvam
965 2541 1193 2580 maturam
1238 2536 1471 2595 exprimes
1512 2542 1560 2581 et
1595 2550 1757 2598 poneS,
1789 2549 1840 2586 73

278 2641 299 2677 1
332 2639 386 2679 ad
416 2652 494 2680 om.
634 2644 683 2681 12
717 2641 752 2681 si
782 2654 860 2684 om.
998 2641 1170 2695 schisti]
1203 2639 1371 2682 scienti.
1510 2646 1560 2683 13
1593 2644 1756 2695 cyatos.

168 2696 218 2734 14
250 2693 380 2748 quae]
411 2709 551 2747 quem.
707 2701 759 2738 23
790 2710 876 2750 quo
907 2697 1119 2752 egeritur]
1152 2697 1360 2750 coegitur.
1488 2702 1541 2738 29
1573 2697 1756 2740 ollolam

164 2747 303 2790 fabam·
442 2755 494 2792 30
525 2751 707 2794 sufferri.
824 2757 875 2795 31
907 2752 1094 2807 spicillo.
1210 2757 1262 2794 33
1295 2751 1532 2795 cumbibat.
