1898 3016
744 131 800 137 —
879 103 1120 153 244—

126 232 346 278 iocineris
385 237 431 277 et
466 231 853 291 praecordiorum
892 230 1117 277 duritiam
1154 236 1200 276 et
1238 230 1294 276 ad
1326 229 1533 277 dolorem
1563 245 1726 278 eorum

126 316 235 348 vere
281 302 521 363 convenit3
565 300 778 362 proderit
825 301 964 346 etiam
1010 300 1138 346 omni
1184 298 1286 346 loco
1336 299 1513 346 dolenti
1556 303 1728 362 inposi-

126 377 241 433 tum,
272 371 521 417 conficitur
551 372 639 417 sic:
671 369 856 432 cyperi,
888 370 1201 416 ammoniacae
1231 374 1403 431 guttae,
1433 370 1729 433 cardamomi,

126 439 345 503 bidellae,
390 442 533 502 turis,
576 441 759 486 resinae
805 438 1171 499 terebinthinae,
1224 438 1516 499 singulorum
1566 442 1728 486 uncias

127 510 282 574 binas3
320 517 397 557 tus
435 518 482 556 et
518 509 689 556 bidella
725 514 1025 555 macerantur
1062 508 1211 570 pridie
1249 509 1403 555 infusa
1432 510 1528 555 vini
1558 512 1729 556 veteris
1751 522 1772 554 5

129 581 346 642 sextario,
391 587 549 626 cetera
595 579 972 640 contunduntur3
1019 578 1188 625 deinde
1233 592 1367 625 cerae
1405 577 1454 625 P.
1491 578 1512 624 Ι
1556 586 1604 625 et
1639 578 1731 625 olei

129 651 313 712 cyprini
343 647 391 696 8
416 649 436 695 I
471 663 578 696 cum
609 648 930 695 terebinthina
960 648 1206 709 liquefiunt
1237 649 1502 709 ceterisque
1532 649 1729 695 miscen-

132 726 207 766 tur
252 726 298 766 et
345 719 426 766 diu
472 717 687 765 manibus
726 718 1030 780 subiguntur3
1076 717 1264 779 quidam
1301 718 1510 764 adiciunt
1546 732 1728 780 myrrae

133 815 192 822 -—
226 788 260 851 I,
298 790 427 836 croci
467 815 526 821 —
560 788 596 850 I,
632 789 836 834 cinnami
872 814 941 820 —
974 787 1007 834 Ι.

73 869 98 907 3
270 858 542 919 Conpositio
575 857 691 905 haec
722 858 917 904 mirifica
948 871 1043 903 non
1074 856 1224 903 solum
1255 856 1429 918 lateris,
1467 871 1630 903 verum
1660 859 1727 904 in·
1751 870 1792 900 ιο

129 937 430 975 teraneorum
475 927 661 974 dolores
707 929 895 974 minuit:
954 926 1137 973 Herbae
1181 928 1423 986 gentianae
1469 925 1596 987 drag.
1631 926 1730 987 XX,

130 1000 215 1045 iris
245 998 455 1060 illyricae
487 996 614 1058 drag.
645 996 777 1058 XLV,
806 1011 989 1058 myrrae
1019 993 1142 1057 drag.
1174 995 1228 1058 X,
1267 997 1444 1056 piperis
1475 994 1598 1057 drag.
1630 995 1730 1043 XII.

133 1069 395 1130 Separatim
432 1069 585 1113 omnia
623 1069 670 1113 in
708 1067 950 1127 pulverem
983 1066 1172 1112 redacta
1201 1067 1396 1111 misceto
1427 1071 1567 1127 atque
1599 1066 1728 1112 adice

131 1138 205 1184 his
253 1137 401 1184 mellis
448 1138 613 1198 optimi
661 1136 925 1197 despumati
970 1135 1093 1196 quod
1143 1136 1255 1181 satis
1299 1134 1534 1182 videbitur
1583 1142 1630 1182 et
1673 1136 1729 1181 ad

133 1207 502 1268 magnitudinem
547 1207 682 1252 nucis
727 1205 958 1251 avellanae
1005 1219 1110 1251 cum
1156 1218 1302 1265 aquae
1341 1204 1515 1251 calidae
1553 1205 1730 1266 cyathis
1754 1216 1794 1248 15

133 1276 287 1323 tribus
324 1277 458 1338 potui
495 1276 615 1322 dato.

77 1355 105 1393 4
275 1346 444 1407 Herba,
484 1360 602 1406 quae
640 1348 723 1392 iris
754 1344 1028 1406 appellatur,
1066 1346 1265 1390 maxime
1298 1346 1337 1390 si
1369 1343 1596 1390 silvestris
1628 1346 1731 1406 erit,

79 1425 103 1463 5
134 1416 324 1478 inligata
354 1416 490 1462 lateri
513 1415 721 1461 dolorem
746 1417 848 1461 eius
872 1416 1088 1476 protinus
1113 1413 1246 1460 tollit.
1298 1413 1480 1460 Herbae
1506 1413 1734 1460 verbenae

135 1486 352 1533 solistitio
378 1485 598 1532 collectae
623 1485 851 1532 arefactae
884 1490 930 1530 et
953 1491 1175 1530 contusae
1206 1483 1358 1544 pulvis
1381 1485 1430 1529 in
1458 1483 1736 1530 cocliaribus

138 1558 347 1618 quinque
393 1555 587 1602 robusto
634 1561 682 1602 et
718 1554 867 1600 valido
907 1568 962 1600 ex
999 1555 1093 1599 vini
1130 1554 1312 1599 Aminei
1350 1554 1523 1598 veteris
1561 1553 1738 1614 cyathis
1762 1565 1803 1596 20

135 1626 307 1687 tribus,
345 1624 633 1672 febricitanti
670 1639 726 1670 ex
764 1638 882 1684 aqua
921 1623 1066 1669 calida
1105 1624 1238 1683 potui
1268 1622 1405 1668 datus
1441 1624 1558 1668 mire
1590 1622 1740 1669 dolori

79 1704 105 1741 6
134 1696 294 1742 lateris
332 1695 561 1741 medetur.
627 1693 811 1740 Herbae
855 1695 1099 1754 gentianae
1137 1699 1184 1739 et
1222 1693 1442 1753 sagapeni
1478 1690 1607 1752 drag.
1647 1694 1738 1738 sin-

134 1766 269 1826 gulae
308 1767 537 1811 contritae
578 1770 625 1810 et
662 1778 770 1810 cum
808 1777 954 1824 aquae
992 1762 1166 1809 calidae
1205 1762 1385 1823 cyathis
1425 1761 1577 1808 trihus
1608 1764 1740 1822 potui

134 1836 266 1881 datae
305 1834 515 1881 dolorem
551 1835 711 1880 lateris
749 1833 926 1894 sedant,
965 1835 1003 1878 si
1040 1834 1090 1878 in
1126 1831 1265 1894 latus,
1309 1831 1434 1892 quod
1465 1831 1603 1894 dolet,
1633 1839 1740 1892 post

134 1907 425 1952 curationem
462 1905 675 1951 infirmus
713 1903 794 1949 diu
832 1904 1043 1949 iacuerit.
1761 1913 1801 1944 25

80 1984 104 2022 ’1
277 1974 328 2020 ln
358 1974 510 2035 lapide
542 1973 720 2035 iaspide
743 1972 942 2034 Phrygia
975 1973 1183 2018 aerizusa
1215 1972 1253 2017 si
1289 1976 1397 2016 nota
1421 1970 1541 2016 infra
1565 1971 1738 2031 scripta

135 2043 369 2105 insculpta
402 2044 557 2105 fuer-it,
587 2043 634 2089 id
659 2049 731 2089 est
755 2055 885 2101 555·
910 2048 956 2088 et
979 2041 1096 2088 collo
1130 2040 1330 2087 dolentis
1352 2038 1474 2086 latus
1498 2039 1639 2086 fuerit
1664 2055 1738 2086 su-

82 2123 106 2160 8
138 2128 352 2175 spensus,
377 2115 493 2159 mire
517 2113 742 2174 proderit.
781 2111 964 2158 Herbae
983 2113 1242 2158 vettonicae
1268 2109 1483 2156 foliorum
1509 2111 1556 2154 in
1573 2109 1737 2155 umbra

137 2184 366 2230 arefactae
397 2190 562 2229 tunsae
594 2182 919 2243 cribrataeque
946 2176 1006 2248 ,9³
1031 2180 1072 2226 II
1096 2195 1152 2227 ex
1175 2181 1270 2226 vini
1293 2186 1372 2225 aut
1395 2178 1534 2224 mulsi
1559 2178 1736 2239 cyathis

138 2253 321 2300 duobus
353 2254 487 2313 potui
519 2267 645 2315 sano,
677 2252 986 2298 febriculento
1018 2265 1074 2297 ex
1102 2265 1220 2311 aqua
1242 2248 1391 2295 mulsa
1415 2248 1596 2308 dantur,
1628 2262 1734 2294 con·
1759 2260 1800 2290 30

83 2333 106 2370 9
140 2323 295 2369 festim
329 2322 537 2369 dolorem
560 2322 720 2368 lateris
752 2321 1014 2368 emendant.
1073 2320 1188 2380 Apri
1217 2325 1400 2365 stercus
1423 2317 1604 2363 aridum
1630 2332 1734 2363 con-

143 2394 307 2439 tritum
328 2399 374 2438 et
391 2394 570 2453 potioni
586 2394 852 2453 inspersum
870 2391 1053 2437 dolores
1069 2389 1227 2436 lateris
1244 2388 1501 2433 sanatmira
1515 2388 1734 2447 potentia.

59 2471 112 2509 10
284 2462 476 2509 Cocleae
508 2468 749 2522 exemptae
779 2466 899 2507 testa
931 2475 1014 2506 sua
1045 2465 1218 2505 etcum
1243 2458 1424 2517 ptisana
1445 2463 1603 2502 coctae
1626 2456 1734 2502 late-

138 2533 202 2577 ris
241 2531 481 2578 doloribus
518 2531 781 2594 medentur,
815 2529 999 2591 melius,
1031 2530 1071 2575 si
1103 2540 1312 2574 umorem
1344 2527 1549 2586 ptisanae
1585 2528 1734 2586 ipsius

280 2697 307 2732 4
336 2692 644 2745 terebinffinae,
674 2693 773 2734 item
804 2697 839 2734 7.
946 2694 996 2731 12
1027 2688 1199 2731 mitrae.
1307 2692 1361 2729 20
1391 2687 1584 2742 Aminei]
1618 2700 1732 2729 com-

138 2747 287 2790 minei.
348 2753 399 2789 21
431 2747 724 2791 febricitante.
842 2751 895 2788 26
926 2744 1058 2799 frigio
1090 2743 1258 2786 erizisa.
