1898 3016
77 521 130 560 58

80 1010 134 1048 59

84 1567 136 1606 60

86 1776 135 1815 61

94 2403 143 2441 <32

777 135 834 142 —
917 106 1152 156 100—

163 241 343 281 coctam
382 234 455 280 vel
492 234 683 281 alteram
723 249 883 281 earum
922 249 1029 281 cum
1067 235 1213 280 farina
1251 233 1508 280 hordeacea
1546 232 1760 279 similiter

163 319 218 350 ex
258 319 376 364 aqua
414 304 562 351 mulsa
593 311 793 367 coctam3
831 311 1017 365 oportet
1055 306 1192 350 etiam
1232 309 1361 349 extra
1397 303 1608 349 adhiberi
1639 302 1759 348 sfon-

162 375 259 434 gias
294 373 455 420 molles
494 389 549 420 ex
580 389 698 435 aqua
730 374 874 420 calida
905 374 1024 420 bene
1060 387 1317 435 expressaS,
1355 372 1521 419 deinde
1552 372 1762 433 tepidum

162 442 389 489 instillare
427 444 768 505 amygdalinum
808 443 960 490 oleum
999 443 1071 489 vel
1108 443 1341 490 laurinum
1376 444 1561 503 saepius
1592 444 1640 488 in
1671 441 1759 487 die.

160 512 359 559 Prodest
403 513 521 559 bene
567 513 759 559 auribus
803 514 1003 559 infirmis
1048 513 1316 560 huiusmodi
1351 512 1802 559 medicamentumz5

161 582 341 644 Myrrae
384 582 423 628 X
461 583 501 645 1,
538 585 665 629 croci
707 582 747 628 X
784 583 824 645 I,
870 585 1067 629 storacis
1105 582 1336 644 globulos,
1381 596 1474 628 non
1513 581 1762 642 ampliores

162 666 301 713 quam
339 654 464 699 cicer
502 660 593 714 est,
637 667 834 699 numero
872 652 1020 715 XXX,
1065 655 1241 714 piperis
1279 652 1402 713 longi
1443 666 1584 712 grana
1624 650 1762 712 XXX,

163 736 310 768 nuces
356 736 535 768 amaras
580 737 777 768 numero
822 722 963 769 XXX.
1048 722 1161 769 Cum
1208 729 1338 768 aceto
1383 722 1497 768 haec
1542 728 1763 767 teruntur

163 798 257 838 tam
293 791 387 853 diu,
425 792 572 838 donec
603 792 804 839 habeant
842 793 1191 854 spissitudinem
1229 794 1375 853 passi,
1414 799 1552 852 atque
1590 792 1652 837 ita
1690 804 1755 836 re-

163 868 408 922 ponuntur
437 863 484 908 in
517 862 684 923 pyxide
717 877 884 924 cyprea
916 870 995 908 aut
1025 864 1073 908 in
1103 861 1272 908 doliolo
1304 864 1475 923 vitre03
1509 875 1615 907 cum
1646 874 1763 921 opus
1788 875 1828 906 ιο

163 931 325 991 fuerit,
372 932 764 978 medicamentum
811 947 915 978 rosa
961 933 1161 978 admixta
1206 931 1507 991 liquefactum
1553 931 1762 991 tepidum

166 1001 259 1063 fiet,
298 1001 423 1062 quod
461 1003 510 1048 in
546 1001 648 1048 lana
687 1002 847 1048 sucida
886 1003 1077 1048 auribus
1115 1001 1430 1048 instillabitur.
1502 1000 1645 1046 Nardi
1684 1000 1764 1061 Sy-

165 1071 281 1117 riaci
318 1070 358 1116 X
396 1070 474 1133 VI,
520 1072 735 1118 afronitri
772 1071 810 1117 X
849 1071 927 1133 Vl,
974 1086 1160 1118 murrae
1197 1071 1237 1116 X
1273 1071 1380 1132 1111,
1425 1072 1601 1131 piperis
1638 1069 1766 1130 longi

167 1147 213 1186 et
243 1142 364 1186 turis
394 1139 434 1185 X
465 1140 561 1203 IIII,
598 1141 748 1187 mellis
778 1141 920 1187 Attici
951 1141 990 1186 X
1019 1141 1117 1203 IIII,
1150 1140 1313 1202 balani,
1346 1155 1435 1201 qua
1468 1141 1766 1200 unguentarii

165 1216 377 1271 utuntur,
415 1211 463 1255 in
495 1209 651 1270 pilulis
686 1210 725 1255 X
756 1210 848 1272 VII,
887 1210 1016 1256 sabae
1053 1211 1359 1272 Aegyptiacae
1390 1211 1614 1256 interiora
1647 1224 1764 1271 quae
1789 1223 1828 1254 15

166 1288 276 1325 sunt
314 1294 468 1325 amara
500 1279 539 1325 X
570 1279 669 1342 VII,
715 1280 963 1340 diligenter
1002 1287 1047 1326 et
1086 1295 1297 1326 seorsum
1335 1281 1445 1326 trita
1476 1281 1608 1340 prius
1637 1279 1766 1340 haec,

167 1355 329 1410 postea
366 1352 595 1410 permixta
634 1364 741 1396 cum
779 1356 910 1396 aceto
949 1350 1210 1410 levigantur
1255 1358 1302 1396 et
1347 1364 1453 1396 cum
1493 1364 1568 1395 res
1606 1357 1765 1410 postu-

167 1418 349 1480 laverit,
394 1421 575 1466 rosacei
612 1419 703 1466 olei
741 1421 864 1480 quod
904 1422 1015 1466 satis
1055 1423 1114 1467 sit
1152 1420 1487 1466 admiscebitur
1525 1427 1663 1480 atque
1702 1421 1767 1465 ita

166 1495 332 1549 tepens
370 1489 673 1536 instillabitur
705 1489 792 1536 hoc
823 1490 1231 1552 medicamentum,
1268 1490 1391 1550 quod
1423 1491 1640 1550 protinus
1672 1504 1765 1535 om-

167 1573 252 1604 nes
283 1560 464 1605 aurium
497 1558 678 1605 sedabit
709 1559 907 1606 dolores.
961 1559 1083 1606 Haec
1113 1574 1299 1621 quoque
1323 1561 1582 1620 conpositio
1608 1561 1763 1605 statim
1789 1573 1829 1603 20

168 1627 352 1674 dolores
390 1630 574 1675 aurium
614 1629 765 1675 sedat:
817 1628 1092 1675 Centauriae
1131 1644 1264 1690 suco,
1310 1631 1350 1675 si
1395 1643 1487 1675 non
1526 1629 1767 1675 sordidum

169 1697 304 1744 ulcus
348 1698 509 1760 fuerit,
557 1713 613 1744 ex
658 1713 774 1759 aqua
820 1700 891 1745 uti
929 1699 1182 1760 oportebit3
1230 1713 1336 1745 cum
1375 1705 1530 1745 autem
1567 1699 1767 1745 multum

168 1769 301 1829 puris
340 1769 450 1828 erit,
488 1770 647 1814 vinum
686 1769 1032 1816 admiscebitur.
1107 1769 1257 1829 Supra
1301 1771 1566 1829 opinionem
1606 1769 1766 1815 efficax

170 1837 364 1884 auribus
395 1838 482 1884 hoc
517 1838 930 1886 medicamentum:
968 1838 1167 1900 Murrae,
1207 1841 1346 1900 croci,
1385 1840 1492 1900 opii,
1523 1838 1658 1884 nardi
1690 1838 1768 1900 Sy-

169 1909 304 1968 riaci,
351 1910 471 1954 turis
509 1910 720 1970 corticis,
768 1908 878 1954 mali
914 1908 1081 1955 Punici
1117 1909 1254 1969 aridi,
1294 1908 1423 1954 fabae
1464 1909 1769 1969 Aegyptiacae
1793 1922 1834 1953 25

172 1991 290 2038 quae
330 1983 440 2023 sunt
477 1979 715 2041 interiora,
754 1993 928 2024 nucum
962 1993 1223 2025 amararum
1255 1978 1430 2040 itidem,
1468 1978 1617 2024 mellis
1649 1978 1771 2039 boni,

172 2046 463 2106 singulorum
516 2046 556 2092 X
601 2047 704 2110 IIII,
757 2050 958 2094 castorei
1003 2047 1042 2093 X
1087 2048 1147 2109 II,
1200 2049 1416 2094 aluminis
1468 2048 1567 2093 fissi
1612 2047 1651 2093 X
1700 2047 1770 2108 111,

171 2117 349 2176 piperis
386 2117 512 2177 longi
550 2116 588 2162 X
627 2117 667 2179 13
713 2120 866 2164 omnia
905 2119 1036 2178 prius
1075 2132 1286 2164 seorsum
1326 2117 1574 2177 diligenter
1611 2124 1770 2163 terun-

172 2192 272 2247 tur,
322 2193 482 2246 postea
528 2201 635 2233 cum
673 2194 804 2233 aceto
842 2190 1070 2234 acerrimo
1110 2190 1247 2233 mixta
1288 2195 1505 2233 teruntur
1542 2194 1634 2233 tam
1678 2187 1771 2248 diu,

174 2255 321 2302 donec
345 2255 546 2303 habeant
570 2257 921 2317 spissitudinem
944 2259 1091 2320 passi3
1120 2272 1226 2303 cum
1251 2271 1367 2317 opus
1391 2257 1545 2318 fuerit,
1569 2257 1768 2302 medica-
1792 2271 1835 2300 30

173 2331 384 2371 mentum
411 2326 666 2373 instillatur
698 2327 927 2389 tepidum3
959 2327 1082 2373 idem
1106 2327 1215 2372 facit
1246 2329 1430 2387 egregie
1462 2335 1507 2372 et
1531 2326 1586 2372 ad
1615 2327 1771 2372 ulcera

177 2397 359 2441 aurium
398 2396 600 2442 sananda
638 2403 774 2457 atque
814 2396 1066 2457 purganda.
1140 2395 1243 2458 His,
1290 2397 1370 2456 qui
1412 2396 1543 2442 surdi
1581 2402 1690 2442 sunt
1727 2403 1773 2442 et

177 2479 377 2523 quorum
415 2480 552 2512 aures
591 2473 770 2529 sonant,
809 2480 950 2512 sucus
981 2480 1095 2512 uvae
1126 2467 1384 2511 inmaturae
1421 2472 1466 2511 et
1497 2480 1629 2511 rosae
1661 2480 1772 2526 pon-

178 2534 288 2579 dere
332 2536 435 2595 pari
480 2535 711 2582 admixtus
757 2536 1009 2596 tepideque
1054 2535 1238 2581 infusus
1276 2535 1527 2595 plurimum
1567 2535 1771 2596 prodest.

292 2644 312 2680 1
346 2641 571 2683 ordeacea.
729 2646 753 2683 3
786 2655 839 2682 ex
868 2654 964 2695 eqo:
994 2644 1051 2683 et.
1179 2647 1204 2682 4
1243 2641 1563 2694 amigdalinum
1601 2643 1772 2695 (saepe).

179 2699 230 2736 21
263 2696 541 2738 centauricae
572 2711 736 2739 sucum.
875 2697 912 2738 si
940 2710 1029 2739 non
1058 2709 1135 2739 om.
1275 2701 1328 2738 24
1355 2702 1452 2749 post
1482 2697 1773 2739 medicamen·

177 2754 273 2793 tum
303 2753 403 2794 add.
433 2753 650 2806 reperitur
682 2754 933 2796 Cornarius.
1049 2757 1101 2795 32
1134 2754 1178 2795 et
1207 2765 1284 2795 om.
