<?xml version="1.0" encoding="UTF-8"?>
<!DOCTYPE html PUBLIC "-//W3C//DTD XHTML 1.0 Transitional//EN"
    "http://www.w3.org/TR/xhtml1/DTD/xhtml1-transitional.dtd">
<html xmlns="http://www.w3.org/1999/xhtml" xml:lang="en" lang="en">
 <head>
  <title>
</title>
<meta http-equiv="Content-Type" content="text/html;charset=utf-8" />
  <meta name='ocr-system' content='tesseract 3.04.00' />
  <meta name='ocr-capabilities' content='ocr_page ocr_carea ocr_par ocr_line ocrx_word'/>
</head>
<body>
  <div class='ocr_page' id='page_1' title='image "./demedicamentisli00marcuoft_0236.png"; bbox 0 0 1898 3016; ppageno 0'>
   <div class='ocr_carea' id='block_1_1' title="bbox 104 1613 155 1650">
    <p class='ocr_par' dir='ltr' id='par_1_1' title="bbox 104 1613 155 1650">
     <span class='ocr_line' id='line_1_1' title="bbox 104 1613 155 1650; baseline 0 0"><span class='ocrx_word' id='word_1_1' title='bbox 104 1613 155 1650; x_wconf 84' lang='lat'>14</span> 
     </span>
    </p>
   </div>
   <div class='ocr_carea' id='block_1_2' title="bbox 106 2313 155 2350">
    <p class='ocr_par' dir='ltr' id='par_1_2' title="bbox 106 2313 155 2350">
     <span class='ocr_line' id='line_1_2' title="bbox 106 2313 155 2350; baseline 0 0"><span class='ocrx_word' id='word_1_2' title='bbox 106 2313 155 2350; x_wconf 86' lang='lat'>15</span> 
     </span>
    </p>
   </div>
   <div class='ocr_carea' id='block_1_3' title="bbox 787 81 1166 133">
    <p class='ocr_par' dir='ltr' id='par_1_3' title="bbox 787 81 1166 133">
     <span class='ocr_line' id='line_1_3' title="bbox 787 81 1166 133; baseline 0 -1"><span class='ocrx_word' id='word_1_3' title='bbox 787 81 1166 133; x_wconf 80' lang='lat'>—224—</span> 
     </span>
    </p>
   </div>
   <div class='ocr_carea' id='block_1_4' title="bbox 181 208 1854 2507">
    <p class='ocr_par' dir='ltr' id='par_1_4' title="bbox 181 208 1854 2507">
     <span class='ocr_line' id='line_1_4' title="bbox 182 208 1778 271; baseline 0.003 -16"><span class='ocrx_word' id='word_1_4' title='bbox 182 209 644 270; x_wconf 74' lang='lat' dir='ltr'>conprehendantur.</span> <span class='ocrx_word' id='word_1_5' title='bbox 696 208 820 256; x_wconf 90' lang='lat' dir='ltr'>Haec</span> <span class='ocrx_word' id='word_1_6' title='bbox 858 211 986 271; x_wconf 88' lang='lat' dir='ltr'>potio</span> <span class='ocrx_word' id='word_1_7' title='bbox 1017 210 1090 256; x_wconf 88' lang='lat' dir='ltr'>his</span> <span class='ocrx_word' id='word_1_8' title='bbox 1121 210 1272 257; x_wconf 90' lang='lat' dir='ltr'>modis</span> <span class='ocrx_word' id='word_1_9' title='bbox 1302 211 1474 258; x_wconf 88' lang='lat' dir='ltr'>ieiunis</span> <span class='ocrx_word' id='word_1_10' title='bbox 1505 211 1653 258; x_wconf 88' lang='lat' dir='ltr'>danda</span> <span class='ocrx_word' id='word_1_11' title='bbox 1685 217 1778 259; x_wconf 87' lang='lat' dir='ltr'>est:</span> 
     </span>
     <span class='ocr_line' id='line_1_5' title="bbox 182 278 1779 344; baseline 0.003 -20"><span class='ocrx_word' id='word_1_12' title='bbox 182 279 357 325; x_wconf 88' lang='lat' dir='ltr'>ciliacis</span> <span class='ocrx_word' id='word_1_13' title='bbox 395 285 443 325; x_wconf 92' lang='lat' dir='ltr'>et</span> <span class='ocrx_word' id='word_1_14' title='bbox 480 278 660 342; x_wconf 87' lang='lat' dir='ltr'>colicis,</span> <span class='ocrx_word' id='word_1_15' title='bbox 707 281 789 341; x_wconf 94' lang='lat' dir='ltr'>qui</span> <span class='ocrx_word' id='word_1_16' title='bbox 833 281 933 326; x_wconf 90' lang='lat' dir='ltr'>sine</span> <span class='ocrx_word' id='word_1_17' title='bbox 972 279 1101 326; x_wconf 80' lang='lat' dir='ltr'><strong>febre</strong></span> <span class='ocrx_word' id='word_1_18' title='bbox 1141 286 1300 340; x_wconf 90' lang='lat' dir='ltr'>erunt,</span> <span class='ocrx_word' id='word_1_19' title='bbox 1345 295 1402 327; x_wconf 83' lang='lat' dir='ltr'>ex</span> <span class='ocrx_word' id='word_1_20' title='bbox 1442 295 1560 343; x_wconf 89' lang='lat' dir='ltr'>aqua</span> <span class='ocrx_word' id='word_1_21' title='bbox 1598 282 1779 344; x_wconf 90' lang='lat' dir='ltr'>frigida,</span> 
     </span>
     <span class='ocr_line' id='line_1_6' title="bbox 181 348 1779 413; baseline 0.003 -19"><span class='ocrx_word' id='word_1_22' title='bbox 181 348 504 395; x_wconf 85' lang='lat' dir='ltr'>febriculentis</span> <span class='ocrx_word' id='word_1_23' title='bbox 535 364 591 396; x_wconf 87' lang='lat' dir='ltr'>ex</span> <span class='ocrx_word' id='word_1_24' title='bbox 623 364 754 413; x_wconf 92' lang='lat' dir='ltr'>aqua,</span> <span class='ocrx_word' id='word_1_25' title='bbox 793 351 842 395; x_wconf 92' lang='lat' dir='ltr'>in</span> <span class='ocrx_word' id='word_1_26' title='bbox 881 364 970 410; x_wconf 91' lang='lat' dir='ltr'>qua</span> <span class='ocrx_word' id='word_1_27' title='bbox 1001 349 1222 396; x_wconf 80' lang='lat' dir='ltr'>anethum</span> <span class='ocrx_word' id='word_1_28' title='bbox 1253 350 1308 396; x_wconf 93' lang='lat' dir='ltr'>ad</span> <span class='ocrx_word' id='word_1_29' title='bbox 1339 352 1502 397; x_wconf 87' lang='lat' dir='ltr'>tertias</span> <span class='ocrx_word' id='word_1_30' title='bbox 1532 351 1779 399; x_wconf 88' lang='lat' dir='ltr'>decoctum</span> 
     </span>
     <span class='ocr_line' id='line_1_7' title="bbox 182 418 1778 481; baseline 0.003 -17"><span class='ocrx_word' id='word_1_31' title='bbox 182 418 346 480; x_wconf 83' lang='lat' dir='ltr'>fuerit,</span> <span class='ocrx_word' id='word_1_32' title='bbox 390 420 439 465; x_wconf 92' lang='lat' dir='ltr'>in</span> <span class='ocrx_word' id='word_1_33' title='bbox 485 418 794 466; x_wconf 83' lang='lat' dir='ltr'>declinatione</span> <span class='ocrx_word' id='word_1_34' title='bbox 831 433 941 465; x_wconf 90' lang='lat' dir='ltr'>vero</span> <span class='ocrx_word' id='word_1_35' title='bbox 979 418 1124 466; x_wconf 86' lang='lat' dir='ltr'>febris</span> <span class='ocrx_word' id='word_1_36' title='bbox 1161 419 1216 466; x_wconf 90' lang='lat' dir='ltr'>ad</span> <span class='ocrx_word' id='word_1_37' title='bbox 1255 421 1623 481; x_wconf 82' lang='lat' dir='ltr'>magnitudinem</span> <span class='ocrx_word' id='word_1_38' title='bbox 1661 421 1778 468; x_wconf 90' lang='lat' dir='ltr'>avel-</span> 
     </span>
     <span class='ocr_line' id='line_1_8' title="bbox 181 487 1822 552; baseline 0.001 -18"><span class='ocrx_word' id='word_1_39' title='bbox 181 487 326 551; x_wconf 85' lang='lat' dir='ltr'>lanae,</span> <span class='ocrx_word' id='word_1_40' title='bbox 364 488 623 550; x_wconf 88' lang='lat' dir='ltr'>spleniticis</span> <span class='ocrx_word' id='word_1_41' title='bbox 661 504 717 536; x_wconf 87' lang='lat' dir='ltr'>ex</span> <span class='ocrx_word' id='word_1_42' title='bbox 752 503 869 550; x_wconf 89' lang='lat' dir='ltr'>aqua</span> <span class='ocrx_word' id='word_1_43' title='bbox 901 503 1007 536; x_wconf 91' lang='lat' dir='ltr'>cum</span> <span class='ocrx_word' id='word_1_44' title='bbox 1040 503 1238 550; x_wconf 87' lang='lat' dir='ltr'>cappare</span> <span class='ocrx_word' id='word_1_45' title='bbox 1269 489 1459 537; x_wconf 89' lang='lat' dir='ltr'>decocta</span> <span class='ocrx_word' id='word_1_46' title='bbox 1491 491 1669 552; x_wconf 81' lang='lat' dir='ltr'>cyathis</span> <span class='ocrx_word' id='word_1_47' title='bbox 1698 492 1779 538; x_wconf 90' lang='lat' dir='ltr'>tri·</span> <span class='ocrx_word' id='word_1_48' title='bbox 1802 505 1822 536; x_wconf 89' lang='lat'>5</span> 
     </span>
     <span class='ocr_line' id='line_1_9' title="bbox 181 557 1780 621; baseline 0.003 -17"><span class='ocrx_word' id='word_1_49' title='bbox 181 557 271 604; x_wconf 90' lang='lat' dir='ltr'>bus</span> <span class='ocrx_word' id='word_1_50' title='bbox 317 558 636 619; x_wconf 85' lang='lat' dir='ltr'>magnitudine</span> <span class='ocrx_word' id='word_1_51' title='bbox 683 573 773 620; x_wconf 93' lang='lat' dir='ltr'>qua</span> <span class='ocrx_word' id='word_1_52' title='bbox 819 573 979 621; x_wconf 88' lang='lat' dir='ltr'>supra,</span> <span class='ocrx_word' id='word_1_53' title='bbox 1026 561 1219 620; x_wconf 90' lang='lat' dir='ltr'>epaticis</span> <span class='ocrx_word' id='word_1_54' title='bbox 1267 559 1511 607; x_wconf 92' lang='lat' dir='ltr'>dimidium</span> <span class='ocrx_word' id='word_1_55' title='bbox 1549 560 1780 608; x_wconf 87' lang='lat' dir='ltr'>avellanae</span> 
     </span>
     <span class='ocr_line' id='line_1_10' title="bbox 183 627 1782 692; baseline 0.002 -18"><span class='ocrx_word' id='word_1_56' title='bbox 183 627 394 691; x_wconf 89' lang='lat' dir='ltr'>modum,</span> <span class='ocrx_word' id='word_1_57' title='bbox 440 628 763 675; x_wconf 87' lang='lat' dir='ltr'>febriculentis</span> <span class='ocrx_word' id='word_1_58' title='bbox 809 643 865 675; x_wconf 85' lang='lat' dir='ltr'>ex</span> <span class='ocrx_word' id='word_1_59' title='bbox 908 628 1193 690; x_wconf 84' lang='lat' dir='ltr'>hydromelis</span> <span class='ocrx_word' id='word_1_60' title='bbox 1238 630 1402 691; x_wconf 80' lang='lat' dir='ltr'>cyatho</span> <span class='ocrx_word' id='word_1_61' title='bbox 1449 629 1521 676; x_wconf 89' lang='lat' dir='ltr'>vel</span> <span class='ocrx_word' id='word_1_62' title='bbox 1566 645 1621 676; x_wconf 92' lang='lat' dir='ltr'>ex</span> <span class='ocrx_word' id='word_1_63' title='bbox 1663 645 1782 692; x_wconf 89' lang='lat' dir='ltr'>aqua</span> 
     </span>
     <span class='ocr_line' id='line_1_11' title="bbox 183 697 1782 764; baseline 0.003 -21"><span class='ocrx_word' id='word_1_64' title='bbox 183 697 347 760; x_wconf 90' lang='lat' dir='ltr'>mulsa,</span> <span class='ocrx_word' id='word_1_65' title='bbox 384 700 433 744; x_wconf 92' lang='lat' dir='ltr'>in</span> <span class='ocrx_word' id='word_1_66' title='bbox 472 713 562 759; x_wconf 90' lang='lat' dir='ltr'>qua</span> <span class='ocrx_word' id='word_1_67' title='bbox 593 699 814 746; x_wconf 84' lang='lat' dir='ltr'>anethum</span> <span class='ocrx_word' id='word_1_68' title='bbox 846 713 954 745; x_wconf 88' lang='lat' dir='ltr'>cum</span> <span class='ocrx_word' id='word_1_69' title='bbox 985 699 1187 746; x_wconf 90' lang='lat' dir='ltr'>surculis</span> <span class='ocrx_word' id='word_1_70' title='bbox 1218 701 1316 746; x_wconf 90' lang='lat' dir='ltr'>suis</span> <span class='ocrx_word' id='word_1_71' title='bbox 1347 700 1491 747; x_wconf 85' lang='lat' dir='ltr'>fuerit</span> <span class='ocrx_word' id='word_1_72' title='bbox 1521 699 1782 764; x_wconf 85' lang='lat' dir='ltr'>decoctum,</span> 
     </span>
     <span class='ocr_line' id='line_1_12' title="bbox 183 767 1781 830; baseline 0.002 -16"><span class='ocrx_word' id='word_1_73' title='bbox 183 767 503 830; x_wconf 87' lang='lat' dir='ltr'>orthopnoicis</span> <span class='ocrx_word' id='word_1_74' title='bbox 547 769 867 830; x_wconf 86' lang='lat' dir='ltr'>magnitudine</span> <span class='ocrx_word' id='word_1_75' title='bbox 908 768 1139 815; x_wconf 90' lang='lat' dir='ltr'>avellanae</span> <span class='ocrx_word' id='word_1_76' title='bbox 1185 771 1381 816; x_wconf 90' lang='lat' dir='ltr'>remissa</span> <span class='ocrx_word' id='word_1_77' title='bbox 1424 771 1473 816; x_wconf 93' lang='lat' dir='ltr'>in</span> <span class='ocrx_word' id='word_1_78' title='bbox 1519 771 1640 817; x_wconf 89' lang='lat' dir='ltr'>aceti</span> <span class='ocrx_word' id='word_1_79' title='bbox 1677 770 1781 817; x_wconf 91' lang='lat' dir='ltr'>scil·</span> 
     </span>
     <span class='ocr_line' id='line_1_13' title="bbox 182 836 1854 901; baseline 0.001 -18"><span class='ocrx_word' id='word_1_80' title='bbox 182 836 301 884; x_wconf 87' lang='lat' dir='ltr'>litici</span> <span class='ocrx_word' id='word_1_81' title='bbox 345 838 625 885; x_wconf 89' lang='lat' dir='ltr'>cocliaribus</span> <span class='ocrx_word' id='word_1_82' title='bbox 671 844 892 900; x_wconf 88' lang='lat' dir='ltr'>quattuor</span> <span class='ocrx_word' id='word_1_83' title='bbox 933 853 990 885; x_wconf 86' lang='lat' dir='ltr'>ex</span> <span class='ocrx_word' id='word_1_84' title='bbox 1035 853 1180 900; x_wconf 89' lang='lat' dir='ltr'>aquae</span> <span class='ocrx_word' id='word_1_85' title='bbox 1219 839 1393 886; x_wconf 85' lang='lat' dir='ltr'>calidae</span> <span class='ocrx_word' id='word_1_86' title='bbox 1433 839 1612 901; x_wconf 89' lang='lat' dir='ltr'>cyathis</span> <span class='ocrx_word' id='word_1_87' title='bbox 1651 847 1781 901; x_wconf 91' lang='lat' dir='ltr'>quat·</span> <span class='ocrx_word' id='word_1_88' title='bbox 1805 853 1854 897; x_wconf 77' lang='grc' dir='ltr'>ιοΙ</span> 
     </span>
     <span class='ocr_line' id='line_1_14' title="bbox 183 908 1782 971; baseline 0.002 -18"><span class='ocrx_word' id='word_1_89' title='bbox 183 914 305 969; x_wconf 86' lang='lat' dir='ltr'>tuor,</span> <span class='ocrx_word' id='word_1_90' title='bbox 336 908 389 954; x_wconf 90' lang='lat' dir='ltr'>ad</span> <span class='ocrx_word' id='word_1_91' title='bbox 423 922 660 969; x_wconf 91' lang='lat' dir='ltr'>spasmum</span> <span class='ocrx_word' id='word_1_92' title='bbox 692 915 738 955; x_wconf 86' lang='lat' dir='ltr'>et</span> <span class='ocrx_word' id='word_1_93' title='bbox 769 908 924 955; x_wconf 90' lang='lat' dir='ltr'>cordis</span> <span class='ocrx_word' id='word_1_94' title='bbox 951 908 1161 956; x_wconf 89' lang='lat' dir='ltr'>dolorem</span> <span class='ocrx_word' id='word_1_95' title='bbox 1184 909 1255 956; x_wconf 90' lang='lat' dir='ltr'>vel</span> <span class='ocrx_word' id='word_1_96' title='bbox 1279 915 1531 956; x_wconf 87' lang='lat' dir='ltr'>tremorem</span> <span class='ocrx_word' id='word_1_97' title='bbox 1557 924 1613 956; x_wconf 89' lang='lat' dir='ltr'>ex</span> <span class='ocrx_word' id='word_1_98' title='bbox 1636 925 1782 971; x_wconf 90' lang='lat' dir='ltr'>aquae</span> 
     </span>
     <span class='ocr_line' id='line_1_15' title="bbox 183 977 1782 1040; baseline 0.002 -17"><span class='ocrx_word' id='word_1_99' title='bbox 183 977 360 1023; x_wconf 91' lang='lat' dir='ltr'>mulsae</span> <span class='ocrx_word' id='word_1_100' title='bbox 400 978 565 1039; x_wconf 88' lang='lat' dir='ltr'>cyatho</span> <span class='ocrx_word' id='word_1_101' title='bbox 603 978 923 1040; x_wconf 84' lang='lat' dir='ltr'>magnitudine</span> <span class='ocrx_word' id='word_1_102' title='bbox 962 978 1207 1027; x_wconf 87' lang='lat' dir='ltr'>avellanae.</span> <span class='ocrx_word' id='word_1_103' title='bbox 1270 978 1339 1025; x_wconf 91' lang='lat' dir='ltr'>Ad</span> <span class='ocrx_word' id='word_1_104' title='bbox 1376 979 1536 1025; x_wconf 88' lang='lat' dir='ltr'>lateris</span> <span class='ocrx_word' id='word_1_105' title='bbox 1575 979 1782 1026; x_wconf 89' lang='lat' dir='ltr'>dolorem</span> 
     </span>
     <span class='ocr_line' id='line_1_16' title="bbox 186 1047 1783 1110; baseline 0.003 -18"><span class='ocrx_word' id='word_1_106' title='bbox 186 1062 241 1092; x_wconf 87' lang='lat' dir='ltr'>ex</span> <span class='ocrx_word' id='word_1_107' title='bbox 280 1062 399 1108; x_wconf 88' lang='lat' dir='ltr'>aqua</span> <span class='ocrx_word' id='word_1_108' title='bbox 436 1047 586 1094; x_wconf 88' lang='lat' dir='ltr'>mulsa</span> <span class='ocrx_word' id='word_1_109' title='bbox 623 1048 943 1110; x_wconf 85' lang='lat' dir='ltr'>magnitudine</span> <span class='ocrx_word' id='word_1_110' title='bbox 981 1048 1212 1095; x_wconf 89' lang='lat' dir='ltr'>avellanae</span> <span class='ocrx_word' id='word_1_111' title='bbox 1243 1054 1405 1095; x_wconf 87' lang='lat' dir='ltr'>contra</span> <span class='ocrx_word' id='word_1_112' title='bbox 1441 1055 1625 1095; x_wconf 88' lang='lat' dir='ltr'>noctem</span> <span class='ocrx_word' id='word_1_113' title='bbox 1657 1049 1783 1096; x_wconf 90' lang='lat' dir='ltr'>dabi-</span> 
     </span>
     <span class='ocr_line' id='line_1_17' title="bbox 184 1117 1784 1182; baseline 0.002 -19"><span class='ocrx_word' id='word_1_114' title='bbox 184 1122 276 1179; x_wconf 86' lang='lat' dir='ltr'>tur,</span> <span class='ocrx_word' id='word_1_115' title='bbox 314 1117 370 1163; x_wconf 91' lang='lat' dir='ltr'>ad</span> <span class='ocrx_word' id='word_1_116' title='bbox 410 1117 643 1178; x_wconf 89' lang='lat' dir='ltr'>singultus</span> <span class='ocrx_word' id='word_1_117' title='bbox 681 1124 728 1165; x_wconf 84' lang='lat' dir='ltr'>et</span> <span class='ocrx_word' id='word_1_118' title='bbox 767 1117 938 1179; x_wconf 91' lang='lat' dir='ltr'>quibus</span> <span class='ocrx_word' id='word_1_119' title='bbox 975 1118 1124 1179; x_wconf 85' lang='lat' dir='ltr'>frigus</span> <span class='ocrx_word' id='word_1_120' title='bbox 1164 1119 1302 1164; x_wconf 90' lang='lat' dir='ltr'>etiam</span> <span class='ocrx_word' id='word_1_121' title='bbox 1338 1125 1512 1165; x_wconf 91' lang='lat' dir='ltr'>aestate</span> <span class='ocrx_word' id='word_1_122' title='bbox 1543 1119 1784 1182; x_wconf 84' lang='lat' dir='ltr'>insederit,</span> 
     </span>
     <span class='ocr_line' id='line_1_18' title="bbox 185 1187 1848 1250; baseline 0.002 -18"><span class='ocrx_word' id='word_1_123' title='bbox 185 1201 241 1232; x_wconf 85' lang='lat' dir='ltr'>ex</span> <span class='ocrx_word' id='word_1_124' title='bbox 280 1201 398 1248; x_wconf 87' lang='lat' dir='ltr'>aqua</span> <span class='ocrx_word' id='word_1_125' title='bbox 436 1187 587 1234; x_wconf 88' lang='lat' dir='ltr'>mulsa</span> <span class='ocrx_word' id='word_1_126' title='bbox 624 1188 760 1234; x_wconf 92' lang='lat' dir='ltr'>modo</span> <span class='ocrx_word' id='word_1_127' title='bbox 799 1187 1052 1250; x_wconf 82' lang='lat' dir='ltr'>avellanae3</span> <span class='ocrx_word' id='word_1_128' title='bbox 1100 1188 1316 1248; x_wconf 90' lang='lat' dir='ltr'>pthisicis</span> <span class='ocrx_word' id='word_1_129' title='bbox 1362 1203 1418 1234; x_wconf 87' lang='lat' dir='ltr'>ex</span> <span class='ocrx_word' id='word_1_130' title='bbox 1456 1202 1569 1235; x_wconf 91' lang='lat' dir='ltr'>suco</span> <span class='ocrx_word' id='word_1_131' title='bbox 1607 1190 1784 1235; x_wconf 89' lang='lat' dir='ltr'>tisanae</span> <span class='ocrx_word' id='word_1_132' title='bbox 1808 1203 1848 1235; x_wconf 89' lang='lat'>15</span> 
     </span>
     <span class='ocr_line' id='line_1_19' title="bbox 184 1255 1785 1320; baseline 0.002 -18"><span class='ocrx_word' id='word_1_133' title='bbox 184 1255 257 1302; x_wconf 90' lang='lat' dir='ltr'>vel</span> <span class='ocrx_word' id='word_1_134' title='bbox 295 1271 352 1303; x_wconf 86' lang='lat' dir='ltr'>ex</span> <span class='ocrx_word' id='word_1_135' title='bbox 389 1256 529 1303; x_wconf 89' lang='lat' dir='ltr'>mulsi</span> <span class='ocrx_word' id='word_1_136' title='bbox 566 1258 744 1319; x_wconf 89' lang='lat' dir='ltr'>cyathis</span> <span class='ocrx_word' id='word_1_137' title='bbox 776 1257 928 1305; x_wconf 87' lang='lat' dir='ltr'>tribus</span> <span class='ocrx_word' id='word_1_138' title='bbox 958 1258 1096 1304; x_wconf 91' lang='lat' dir='ltr'>modo</span> <span class='ocrx_word' id='word_1_139' title='bbox 1126 1257 1373 1320; x_wconf 85' lang='lat' dir='ltr'>avellanae,</span> <span class='ocrx_word' id='word_1_140' title='bbox 1404 1258 1699 1319; x_wconf 87' lang='lat' dir='ltr'>dysintericis</span> <span class='ocrx_word' id='word_1_141' title='bbox 1730 1274 1785 1306; x_wconf 87' lang='lat' dir='ltr'>ex</span> 
     </span>
     <span class='ocr_line' id='line_1_20' title="bbox 184 1327 1784 1391; baseline 0.001 -18"><span class='ocrx_word' id='word_1_142' title='bbox 184 1341 324 1387; x_wconf 88' lang='lat' dir='ltr'>posca</span> <span class='ocrx_word' id='word_1_143' title='bbox 365 1327 542 1388; x_wconf 88' lang='lat' dir='ltr'>cyathis</span> <span class='ocrx_word' id='word_1_144' title='bbox 581 1327 765 1374; x_wconf 90' lang='lat' dir='ltr'>duobus</span> <span class='ocrx_word' id='word_1_145' title='bbox 795 1327 933 1374; x_wconf 91' lang='lat' dir='ltr'>modo</span> <span class='ocrx_word' id='word_1_146' title='bbox 965 1329 1133 1374; x_wconf 87' lang='lat' dir='ltr'>ciceris</span> <span class='ocrx_word' id='word_1_147' title='bbox 1164 1329 1362 1391; x_wconf 88' lang='lat' dir='ltr'>arietini,</span> <span class='ocrx_word' id='word_1_148' title='bbox 1400 1330 1696 1389; x_wconf 85' lang='lat' dir='ltr'>auruginosis</span> <span class='ocrx_word' id='word_1_149' title='bbox 1728 1343 1784 1375; x_wconf 86' lang='lat' dir='ltr'>ex</span> 
     </span>
     <span class='ocr_line' id='line_1_21' title="bbox 185 1395 1784 1461; baseline 0.002 -19"><span class='ocrx_word' id='word_1_150' title='bbox 185 1411 332 1457; x_wconf 89' lang='lat' dir='ltr'>aquae</span> <span class='ocrx_word' id='word_1_151' title='bbox 369 1395 547 1443; x_wconf 91' lang='lat' dir='ltr'>mulsae</span> <span class='ocrx_word' id='word_1_152' title='bbox 587 1397 765 1459; x_wconf 87' lang='lat' dir='ltr'>cyathis</span> <span class='ocrx_word' id='word_1_153' title='bbox 803 1397 986 1444; x_wconf 91' lang='lat' dir='ltr'>duobus</span> <span class='ocrx_word' id='word_1_154' title='bbox 1033 1398 1263 1444; x_wconf 88' lang='lat' dir='ltr'>avellanae</span> <span class='ocrx_word' id='word_1_155' title='bbox 1309 1397 1523 1461; x_wconf 89' lang='lat' dir='ltr'>duplum,</span> <span class='ocrx_word' id='word_1_156' title='bbox 1569 1399 1784 1460; x_wconf 86' lang='lat' dir='ltr'>dysuriae</span> 
     </span>
     <span class='ocr_line' id='line_1_22' title="bbox 186 1465 1786 1530; baseline 0.002 -18"><span class='ocrx_word' id='word_1_157' title='bbox 186 1472 233 1512; x_wconf 91' lang='lat' dir='ltr'>et</span> <span class='ocrx_word' id='word_1_158' title='bbox 279 1465 456 1513; x_wconf 87' lang='lat' dir='ltr'>calculo</span> <span class='ocrx_word' id='word_1_159' title='bbox 503 1482 559 1514; x_wconf 89' lang='lat' dir='ltr'>ex</span> <span class='ocrx_word' id='word_1_160' title='bbox 598 1482 744 1529; x_wconf 89' lang='lat' dir='ltr'>aquae</span> <span class='ocrx_word' id='word_1_161' title='bbox 783 1467 960 1529; x_wconf 88' lang='lat' dir='ltr'>cyathis</span> <span class='ocrx_word' id='word_1_162' title='bbox 998 1467 1171 1530; x_wconf 87' lang='lat' dir='ltr'>tribus,</span> <span class='ocrx_word' id='word_1_163' title='bbox 1209 1469 1257 1513; x_wconf 92' lang='lat' dir='ltr'>in</span> <span class='ocrx_word' id='word_1_164' title='bbox 1297 1482 1387 1529; x_wconf 88' lang='lat' dir='ltr'>qua</span> <span class='ocrx_word' id='word_1_165' title='bbox 1425 1474 1522 1514; x_wconf 88' lang='lat' dir='ltr'>tres</span> <span class='ocrx_word' id='word_1_166' title='bbox 1561 1468 1786 1530; x_wconf 88' lang='lat' dir='ltr'>manipuli</span> 
     </span>
     <span class='ocr_line' id='line_1_23' title="bbox 186 1536 1848 1599; baseline 0 -17"><span class='ocrx_word' id='word_1_167' title='bbox 186 1537 278 1598; x_wconf 89' lang='lat' dir='ltr'>apii</span> <span class='ocrx_word' id='word_1_168' title='bbox 316 1536 493 1583; x_wconf 87' lang='lat' dir='ltr'>fuerint</span> <span class='ocrx_word' id='word_1_169' title='bbox 530 1537 726 1599; x_wconf 87' lang='lat' dir='ltr'>decocti,</span> <span class='ocrx_word' id='word_1_170' title='bbox 764 1537 1084 1598; x_wconf 88' lang='lat' dir='ltr'>magnitudine</span> <span class='ocrx_word' id='word_1_171' title='bbox 1123 1537 1368 1583; x_wconf 88' lang='lat' dir='ltr'>avellanae.</span> <span class='ocrx_word' id='word_1_172' title='bbox 1807 1551 1848 1582; x_wconf 84' lang='lat'>20</span> 
     </span>
     <span class='ocr_line' id='line_1_24' title="bbox 326 1602 1786 1669; baseline 0.001 -17"><span class='ocrx_word' id='word_1_173' title='bbox 326 1605 458 1652; x_wconf 94' lang='lat' dir='ltr'>Potio</span> <span class='ocrx_word' id='word_1_174' title='bbox 497 1607 552 1653; x_wconf 90' lang='lat' dir='ltr'>ad</span> <span class='ocrx_word' id='word_1_175' title='bbox 586 1621 697 1668; x_wconf 92' lang='lat' dir='ltr'>epar</span> <span class='ocrx_word' id='word_1_176' title='bbox 727 1602 987 1669; x_wconf 84' lang='lat' dir='ltr'>utilissima,</span> <span class='ocrx_word' id='word_1_177' title='bbox 1025 1614 1267 1667; x_wconf 86' lang='lat' dir='ltr'>praeterea</span> <span class='ocrx_word' id='word_1_178' title='bbox 1298 1607 1412 1654; x_wconf 88' lang='lat' dir='ltr'>haec</span> <span class='ocrx_word' id='word_1_179' title='bbox 1443 1609 1545 1668; x_wconf 86' lang='lat' dir='ltr'>ipsa</span> <span class='ocrx_word' id='word_1_180' title='bbox 1575 1622 1786 1669; x_wconf 92' lang='lat' dir='ltr'>comper-</span> 
     </span>
     <span class='ocr_line' id='line_1_25' title="bbox 185 1677 1785 1737; baseline 0.002 -16"><span class='ocrx_word' id='word_1_181' title='bbox 185 1682 285 1722; x_wconf 90' lang='lat' dir='ltr'>tum</span> <span class='ocrx_word' id='word_1_182' title='bbox 324 1682 371 1722; x_wconf 83' lang='lat' dir='ltr'>et</span> <span class='ocrx_word' id='word_1_183' title='bbox 407 1684 797 1737; x_wconf 88' lang='lat' dir='ltr'>praesentaneum</span> <span class='ocrx_word' id='word_1_184' title='bbox 838 1677 1094 1723; x_wconf 89' lang='lat' dir='ltr'>remedium</span> <span class='ocrx_word' id='word_1_185' title='bbox 1136 1683 1207 1723; x_wconf 89' lang='lat' dir='ltr'>est</span> <span class='ocrx_word' id='word_1_186' title='bbox 1245 1678 1384 1723; x_wconf 91' lang='lat' dir='ltr'>etiam</span> <span class='ocrx_word' id='word_1_187' title='bbox 1422 1677 1478 1722; x_wconf 88' lang='lat' dir='ltr'>ad</span> <span class='ocrx_word' id='word_1_188' title='bbox 1515 1677 1673 1724; x_wconf 89' lang='lat' dir='ltr'>lateris</span> <span class='ocrx_word' id='word_1_189' title='bbox 1705 1677 1785 1724; x_wconf 90' lang='lat' dir='ltr'>do-</span> 
     </span>
     <span class='ocr_line' id='line_1_26' title="bbox 185 1745 1787 1809; baseline 0.002 -18"><span class='ocrx_word' id='word_1_190' title='bbox 185 1745 347 1808; x_wconf 91' lang='lat' dir='ltr'>lorem,</span> <span class='ocrx_word' id='word_1_191' title='bbox 385 1748 555 1808; x_wconf 89' lang='lat' dir='ltr'>accipit</span> <span class='ocrx_word' id='word_1_192' title='bbox 593 1746 726 1794; x_wconf 87' lang='lat' dir='ltr'>haec:</span> <span class='ocrx_word' id='word_1_193' title='bbox 771 1747 953 1808; x_wconf 91' lang='lat' dir='ltr'>Piperis</span> <span class='ocrx_word' id='word_1_194' title='bbox 993 1773 1056 1779; x_wconf 85' lang='lat'><em>-</em></span> <span class='ocrx_word' id='word_1_195' title='bbox 1089 1747 1122 1808; x_wconf 90' lang='lat' dir='ltr'>I,</span> <span class='ocrx_word' id='word_1_196' title='bbox 1161 1748 1280 1793; x_wconf 91' lang='lat' dir='ltr'>costi</span> <span class='ocrx_word' id='word_1_197' title='bbox 1321 1772 1380 1780; x_wconf 81' lang='lat'>—-</span> <span class='ocrx_word' id='word_1_198' title='bbox 1415 1747 1448 1809; x_wconf 94' lang='lat' dir='ltr'>I,</span> <span class='ocrx_word' id='word_1_199' title='bbox 1486 1746 1636 1808; x_wconf 89' lang='lat' dir='ltr'>lupini</span> <span class='ocrx_word' id='word_1_200' title='bbox 1673 1748 1787 1794; x_wconf 86' lang='lat' dir='ltr'>sicci</span> 
     </span>
     <span class='ocr_line' id='line_1_27' title="bbox 186 1816 1787 1864; baseline 0.001 -3"><span class='ocrx_word' id='word_1_201' title='bbox 186 1818 330 1862; x_wconf 91' lang='lat' dir='ltr'>amari</span> <span class='ocrx_word' id='word_1_202' title='bbox 368 1843 433 1850; x_wconf 93' lang='lat'>—-</span> <span class='ocrx_word' id='word_1_203' title='bbox 465 1817 498 1863; x_wconf 94' lang='lat' dir='ltr'>I.</span> <span class='ocrx_word' id='word_1_204' title='bbox 555 1816 680 1864; x_wconf 88' lang='lat' dir='ltr'>Haec</span> <span class='ocrx_word' id='word_1_205' title='bbox 718 1819 872 1863; x_wconf 91' lang='lat' dir='ltr'>omnia</span> <span class='ocrx_word' id='word_1_206' title='bbox 912 1818 1035 1863; x_wconf 89' lang='lat' dir='ltr'>sicca</span> <span class='ocrx_word' id='word_1_207' title='bbox 1073 1823 1211 1863; x_wconf 89' lang='lat' dir='ltr'>tunsa</span> <span class='ocrx_word' id='word_1_208' title='bbox 1243 1816 1443 1863; x_wconf 80' lang='lat' dir='ltr'>cribrata</span> <span class='ocrx_word' id='word_1_209' title='bbox 1475 1818 1616 1863; x_wconf 84' lang='lat' dir='ltr'>mixta</span> <span class='ocrx_word' id='word_1_210' title='bbox 1647 1816 1787 1864; x_wconf 93' lang='lat' dir='ltr'>simul</span> 
     </span>
     <span class='ocr_line' id='line_1_28' title="bbox 186 1886 1850 1950; baseline 0.001 -19"><span class='ocrx_word' id='word_1_211' title='bbox 186 1900 407 1950; x_wconf 79' lang='lat' dir='ltr'>repones3</span> <span class='ocrx_word' id='word_1_212' title='bbox 453 1901 559 1933; x_wconf 89' lang='lat' dir='ltr'>cum</span> <span class='ocrx_word' id='word_1_213' title='bbox 606 1902 724 1947; x_wconf 90' lang='lat' dir='ltr'>opus</span> <span class='ocrx_word' id='word_1_214' title='bbox 770 1887 925 1949; x_wconf 88' lang='lat' dir='ltr'>fuerit,</span> <span class='ocrx_word' id='word_1_215' title='bbox 964 1901 1110 1933; x_wconf 84' lang='lat' dir='ltr'>unum</span> <span class='ocrx_word' id='word_1_216' title='bbox 1156 1886 1364 1933; x_wconf 91' lang='lat' dir='ltr'>cocleare</span> <span class='ocrx_word' id='word_1_217' title='bbox 1403 1886 1592 1948; x_wconf 91' lang='lat' dir='ltr'>plenum</span> <span class='ocrx_word' id='word_1_218' title='bbox 1630 1886 1702 1933; x_wconf 92' lang='lat' dir='ltr'>vel</span> <span class='ocrx_word' id='word_1_219' title='bbox 1747 1887 1788 1933; x_wconf 91' lang='lat' dir='ltr'>si</span> <span class='ocrx_word' id='word_1_220' title='bbox 1810 1899 1850 1932; x_wconf 82' lang='lat'>25</span> 
     </span>
     <span class='ocr_line' id='line_1_29' title="bbox 187 1956 1786 2021; baseline 0.001 -20"><span class='ocrx_word' id='word_1_221' title='bbox 187 1957 311 2002; x_wconf 91' lang='lat' dir='ltr'>vires</span> <span class='ocrx_word' id='word_1_222' title='bbox 349 1957 633 2003; x_wconf 83' lang='lat' dir='ltr'>infirmiores</span> <span class='ocrx_word' id='word_1_223' title='bbox 673 1963 803 2021; x_wconf 89' lang='lat' dir='ltr'>sunt,</span> <span class='ocrx_word' id='word_1_224' title='bbox 841 1971 1019 2020; x_wconf 90' lang='lat' dir='ltr'>rasum,</span> <span class='ocrx_word' id='word_1_225' title='bbox 1058 1957 1103 2002; x_wconf 93' lang='lat' dir='ltr'>id</span> <span class='ocrx_word' id='word_1_226' title='bbox 1143 1962 1215 2002; x_wconf 83' lang='lat' dir='ltr'>est</span> <span class='ocrx_word' id='word_1_227' title='bbox 1251 1956 1497 2019; x_wconf 88' lang='lat' dir='ltr'>ruclatum,</span> <span class='ocrx_word' id='word_1_228' title='bbox 1536 1971 1642 2002; x_wconf 92' lang='lat' dir='ltr'>cum</span> <span class='ocrx_word' id='word_1_229' title='bbox 1680 1959 1786 2003; x_wconf 85' lang='lat' dir='ltr'>vino</span> 
     </span>
     <span class='ocr_line' id='line_1_30' title="bbox 186 2026 1786 2088; baseline 0.001 -17"><span class='ocrx_word' id='word_1_230' title='bbox 186 2031 374 2072; x_wconf 89' lang='lat' dir='ltr'>austero</span> <span class='ocrx_word' id='word_1_231' title='bbox 412 2028 570 2073; x_wconf 89' lang='lat' dir='ltr'>ieiuno</span> <span class='ocrx_word' id='word_1_232' title='bbox 609 2029 789 2088; x_wconf 90' lang='lat' dir='ltr'>epatico</span> <span class='ocrx_word' id='word_1_233' title='bbox 821 2041 905 2087; x_wconf 91' lang='lat' dir='ltr'>per</span> <span class='ocrx_word' id='word_1_234' title='bbox 937 2027 1036 2073; x_wconf 92' lang='lat' dir='ltr'>dies</span> <span class='ocrx_word' id='word_1_235' title='bbox 1068 2034 1164 2073; x_wconf 90' lang='lat' dir='ltr'>tres</span> <span class='ocrx_word' id='word_1_236' title='bbox 1196 2026 1267 2073; x_wconf 90' lang='lat' dir='ltr'>vel</span> <span class='ocrx_word' id='word_1_237' title='bbox 1299 2028 1506 2087; x_wconf 90' lang='lat' dir='ltr'>quinque</span> <span class='ocrx_word' id='word_1_238' title='bbox 1538 2028 1786 2073; x_wconf 86' lang='lat' dir='ltr'>continuos</span> 
     </span>
     <span class='ocr_line' id='line_1_31' title="bbox 187 2095 1787 2158; baseline 0.001 -17"><span class='ocrx_word' id='word_1_239' title='bbox 187 2095 338 2158; x_wconf 89' lang='lat' dir='ltr'>dabis,</span> <span class='ocrx_word' id='word_1_240' title='bbox 383 2098 447 2142; x_wconf 90' lang='lat' dir='ltr'>ita</span> <span class='ocrx_word' id='word_1_241' title='bbox 493 2102 546 2142; x_wconf 85' lang='lat' dir='ltr'>ut</span> <span class='ocrx_word' id='word_1_242' title='bbox 591 2098 639 2142; x_wconf 92' lang='lat' dir='ltr'>in</span> <span class='ocrx_word' id='word_1_243' title='bbox 688 2112 741 2143; x_wconf 89' lang='lat' dir='ltr'>eo</span> <span class='ocrx_word' id='word_1_244' title='bbox 786 2097 931 2143; x_wconf 88' lang='lat' dir='ltr'>latere</span> <span class='ocrx_word' id='word_1_245' title='bbox 977 2097 1265 2157; x_wconf 89' lang='lat' dir='ltr'>conplicatus</span> <span class='ocrx_word' id='word_1_246' title='bbox 1311 2096 1594 2156; x_wconf 89' lang='lat' dir='ltr'>aliquamdiu</span> <span class='ocrx_word' id='word_1_247' title='bbox 1639 2098 1787 2142; x_wconf 88' lang='lat' dir='ltr'>iaceat</span> 
     </span>
     <span class='ocr_line' id='line_1_32' title="bbox 186 2165 1787 2229; baseline 0.001 -18"><span class='ocrx_word' id='word_1_248' title='bbox 186 2171 234 2226; x_wconf 89' lang='lat' dir='ltr'>et</span> <span class='ocrx_word' id='word_1_249' title='bbox 271 2167 511 2227; x_wconf 90' lang='lat' dir='ltr'>cooperiat</span> <span class='ocrx_word' id='word_1_250' title='bbox 549 2181 598 2212; x_wconf 93' lang='lat' dir='ltr'>se</span> <span class='ocrx_word' id='word_1_251' title='bbox 638 2168 774 2229; x_wconf 87' lang='lat' dir='ltr'>sagis,</span> <span class='ocrx_word' id='word_1_252' title='bbox 814 2172 860 2213; x_wconf 88' lang='lat' dir='ltr'>et</span> <span class='ocrx_word' id='word_1_253' title='bbox 897 2181 1003 2213; x_wconf 87' lang='lat' dir='ltr'>cum</span> <span class='ocrx_word' id='word_1_254' title='bbox 1043 2168 1251 2228; x_wconf 82' lang='lat' dir='ltr'>coeperit</span> <span class='ocrx_word' id='word_1_255' title='bbox 1289 2165 1471 2228; x_wconf 89' lang='lat' dir='ltr'>sudare,</span> <span class='ocrx_word' id='word_1_256' title='bbox 1508 2165 1629 2211; x_wconf 91' lang='lat' dir='ltr'>levet</span> <span class='ocrx_word' id='word_1_257' title='bbox 1660 2180 1709 2211; x_wconf 93' lang='lat' dir='ltr'>se</span> <span class='ocrx_word' id='word_1_258' title='bbox 1741 2172 1787 2212; x_wconf 89' lang='lat' dir='ltr'>et</span> 
     </span>
     <span class='ocr_line' id='line_1_33' title="bbox 187 2234 1849 2282; baseline -0.001 -1"><span class='ocrx_word' id='word_1_259' title='bbox 187 2234 454 2282; x_wconf 89' lang='lat' dir='ltr'>deambulet</span> <span class='ocrx_word' id='word_1_260' title='bbox 490 2236 583 2282; x_wconf 91' lang='lat' dir='ltr'>diu.</span> <span class='ocrx_word' id='word_1_261' title='bbox 1808 2251 1849 2280; x_wconf 82' lang='lat'>30</span> 
     </span>
     <span class='ocr_line' id='line_1_34' title="bbox 328 2304 1786 2366; baseline 0 -15"><span class='ocrx_word' id='word_1_262' title='bbox 328 2305 443 2352; x_wconf 91' lang='lat' dir='ltr'>Item</span> <span class='ocrx_word' id='word_1_263' title='bbox 475 2312 721 2366; x_wconf 86' lang='lat' dir='ltr'>expertum</span> <span class='ocrx_word' id='word_1_264' title='bbox 753 2313 893 2366; x_wconf 84' lang='lat' dir='ltr'>atque</span> <span class='ocrx_word' id='word_1_265' title='bbox 924 2306 1038 2352; x_wconf 85' lang='lat' dir='ltr'>utile</span> <span class='ocrx_word' id='word_1_266' title='bbox 1069 2306 1124 2352; x_wconf 89' lang='lat' dir='ltr'>ad</span> <span class='ocrx_word' id='word_1_267' title='bbox 1157 2319 1268 2366; x_wconf 87' lang='lat' dir='ltr'>epar</span> <span class='ocrx_word' id='word_1_268' title='bbox 1299 2304 1557 2350; x_wconf 89' lang='lat' dir='ltr'>remedium</span> <span class='ocrx_word' id='word_1_269' title='bbox 1583 2304 1638 2350; x_wconf 92' lang='lat' dir='ltr'>de</span> <span class='ocrx_word' id='word_1_270' title='bbox 1664 2304 1786 2351; x_wconf 89' lang='lat' dir='ltr'>foliis</span> 
     </span>
     <span class='ocr_line' id='line_1_35' title="bbox 187 2374 1786 2437; baseline -0.001 -16"><span class='ocrx_word' id='word_1_271' title='bbox 187 2376 266 2421; x_wconf 90' lang='lat' dir='ltr'>fici</span> <span class='ocrx_word' id='word_1_272' title='bbox 303 2375 458 2437; x_wconf 83' lang='lat' dir='ltr'>aridis,</span> <span class='ocrx_word' id='word_1_273' title='bbox 496 2376 541 2421; x_wconf 89' lang='lat' dir='ltr'>id</span> <span class='ocrx_word' id='word_1_274' title='bbox 583 2382 654 2422; x_wconf 84' lang='lat' dir='ltr'>est</span> <span class='ocrx_word' id='word_1_275' title='bbox 685 2377 870 2422; x_wconf 87' lang='lat' dir='ltr'>siccatis</span> <span class='ocrx_word' id='word_1_276' title='bbox 903 2375 989 2422; x_wconf 91' lang='lat' dir='ltr'>sub</span> <span class='ocrx_word' id='word_1_277' title='bbox 1024 2375 1188 2422; x_wconf 89' lang='lat' dir='ltr'>umbra</span> <span class='ocrx_word' id='word_1_278' title='bbox 1221 2381 1267 2421; x_wconf 92' lang='lat' dir='ltr'>et</span> <span class='ocrx_word' id='word_1_279' title='bbox 1296 2374 1511 2420; x_wconf 87' lang='lat' dir='ltr'>arefactis</span> <span class='ocrx_word' id='word_1_280' title='bbox 1542 2375 1667 2420; x_wconf 90' lang='lat' dir='ltr'>tritis</span> <span class='ocrx_word' id='word_1_281' title='bbox 1698 2376 1786 2421; x_wconf 87' lang='lat' dir='ltr'>cri-</span> 
     </span>
     <span class='ocr_line' id='line_1_36' title="bbox 187 2443 1785 2507; baseline 0.001 -17"><span class='ocrx_word' id='word_1_282' title='bbox 187 2444 432 2507; x_wconf 87' lang='lat' dir='ltr'>blatisque,</span> <span class='ocrx_word' id='word_1_283' title='bbox 472 2445 527 2491; x_wconf 91' lang='lat' dir='ltr'>de</span> <span class='ocrx_word' id='word_1_284' title='bbox 568 2460 659 2507; x_wconf 89' lang='lat' dir='ltr'>quo</span> <span class='ocrx_word' id='word_1_285' title='bbox 698 2445 891 2506; x_wconf 85' lang='lat' dir='ltr'>pulvere</span> <span class='ocrx_word' id='word_1_286' title='bbox 930 2460 1036 2492; x_wconf 89' lang='lat' dir='ltr'>cum</span> <span class='ocrx_word' id='word_1_287' title='bbox 1076 2444 1261 2491; x_wconf 86' lang='lat' dir='ltr'>condito</span> <span class='ocrx_word' id='word_1_288' title='bbox 1301 2443 1356 2490; x_wconf 92' lang='lat' dir='ltr'>ad</span> <span class='ocrx_word' id='word_1_289' title='bbox 1394 2458 1662 2490; x_wconf 91' lang='lat' dir='ltr'>mensuram</span> <span class='ocrx_word' id='word_1_290' title='bbox 1696 2446 1785 2491; x_wconf 85' lang='lat' dir='ltr'>tria</span> 
     </span>
    </p>
   </div>
   <div class='ocr_carea' id='block_1_5' title="bbox 188 2563 1785 2731">
    <p class='ocr_par' dir='ltr' id='par_1_5' title="bbox 188 2563 1785 2731">
     <span class='ocr_line' id='line_1_37' title="bbox 332 2563 1783 2619; baseline -0.001 -13"><span class='ocrx_word' id='word_1_291' title='bbox 332 2571 354 2607; x_wconf 81' lang='lat'><strong>7</strong></span> <span class='ocrx_word' id='word_1_292' title='bbox 385 2565 658 2608; x_wconf 84' lang='lat' dir='ltr'>hidromelis.</span> <span class='ocrx_word' id='word_1_293' title='bbox 805 2571 828 2607; x_wconf 88' lang='lat'>9</span> <span class='ocrx_word' id='word_1_294' title='bbox 861 2565 1142 2619; x_wconf 77' lang='lat' dir='ltr'>ortopnoicis.</span> <span class='ocrx_word' id='word_1_295' title='bbox 1271 2563 1493 2606; x_wconf 82' lang='lat' dir='ltr'>remissae.</span> <span class='ocrx_word' id='word_1_296' title='bbox 1618 2564 1783 2606; x_wconf 76' lang='lat' dir='ltr'>scilliti.</span> 
     </span>
     <span class='ocr_line' id='line_1_38' title="bbox 189 2619 1785 2675; baseline 0.001 -14"><span class='ocrx_word' id='word_1_297' title='bbox 189 2625 243 2662; x_wconf 87' lang='grc'>14</span> <span class='ocrx_word' id='word_1_298' title='bbox 274 2620 504 2675; x_wconf 71' lang='lat' dir='ltr'>singultos.</span> <span class='ocrx_word' id='word_1_299' title='bbox 623 2626 673 2663; x_wconf 83' lang='lat'>15</span> <span class='ocrx_word' id='word_1_300' title='bbox 703 2620 950 2675; x_wconf 74' lang='lat' dir='ltr'>pthipsicis.</span> <span class='ocrx_word' id='word_1_301' title='bbox 1065 2621 1281 2662; x_wconf 79' lang='lat' dir='ltr'>thisanae.</span> <span class='ocrx_word' id='word_1_302' title='bbox 1393 2625 1442 2662; x_wconf 89' lang='grc'>16</span> <span class='ocrx_word' id='word_1_303' title='bbox 1475 2619 1785 2663; x_wconf 82' lang='lat' dir='ltr'>disinthericis.</span> 
     </span>
     <span class='ocr_line' id='line_1_39' title="bbox 188 2675 1785 2731; baseline 0 -13"><span class='ocrx_word' id='word_1_304' title='bbox 188 2680 239 2718; x_wconf 82' lang='lat'>21</span> <span class='ocrx_word' id='word_1_305' title='bbox 268 2679 557 2730; x_wconf 75' lang='lat' dir='ltr'>cumpertum.</span> <span class='ocrx_word' id='word_1_306' title='bbox 671 2683 723 2720; x_wconf 82' lang='lat'>28</span> <span class='ocrx_word' id='word_1_307' title='bbox 747 2677 810 2718; x_wconf 81' lang='lat' dir='ltr'>ita</span> <span class='ocrx_word' id='word_1_308' title='bbox 835 2679 883 2718; x_wconf 75' lang='lat' dir='ltr'>ut</span> <span class='ocrx_word' id='word_1_309' title='bbox 905 2678 947 2718; x_wconf 89' lang='lat' dir='ltr'>in</span> <span class='ocrx_word' id='word_1_310' title='bbox 975 2690 1026 2719; x_wconf 91' lang='lat' dir='ltr'>eo</span> <span class='ocrx_word' id='word_1_311' title='bbox 1049 2677 1187 2718; x_wconf 76' lang='lat' dir='ltr'>latere</span> <span class='ocrx_word' id='word_1_312' title='bbox 1212 2675 1502 2731; x_wconf 74' lang='lat' dir='ltr'>conplicatus]</span> <span class='ocrx_word' id='word_1_313' title='bbox 1527 2675 1785 2719; x_wconf 71' lang='lat' dir='ltr'>itasolatere</span> 
     </span>
    </p>
   </div>
   <div class='ocr_carea' id='block_1_6' title="bbox 190 2731 853 2786">
    <p class='ocr_par' dir='ltr' id='par_1_6' title="bbox 190 2731 853 2786">
     <span class='ocr_line' id='line_1_40' title="bbox 190 2731 853 2786; baseline 0.003 -13"><span class='ocrx_word' id='word_1_314' title='bbox 190 2731 449 2786; x_wconf 79' lang='lat' dir='ltr'>conplictus.</span> <span class='ocrx_word' id='word_1_315' title='bbox 567 2732 837 2785; x_wconf 78' lang='lat' dir='ltr'>aliquandiu,</span> <span class='ocrx_word' id='word_1_316' title='bbox 850 2746 853 2749; x_wconf 87' lang='lat'><em>·</em></span> 
     </span>
    </p>
   </div>
  </div>
 </body>
</html>
