1930 3008
746 85 1121 136 -359—

135 216 354 278 solvatur,
390 221 551 276 postea
583 214 736 262 oleum
766 215 1019 275 myrtinum
1051 220 1098 261 et
1129 228 1372 261 rosaceum
1405 221 1451 261 et
1482 215 1725 268 cedrinum

135 294 182 333 et
212 287 548 332 ammoniacum
579 286 742 332 tritum
774 284 1058 330 admiscetur
1089 292 1134 331 et
1158 290 1269 330 tunc
1295 284 1575 331 subducitur
1597 284 1724 331 flam·

54 407 57 413 ¹
134 371 221 418 ma,
252 369 310 401 ne
343 355 612 401 effervescat
641 354 1050 416 medicamentum3
1087 354 1345 400 secundum
1379 369 1495 415 quae
1527 353 1727 401 adicitur

56 421 63 450 '·
136 440 325 472 crocum
372 426 535 470 tritum
581 438 635 470 ex
681 429 833 486 aceto,
882 423 1049 469 deinde
1094 437 1248 485 myrra
1293 425 1401 470 trita
1448 426 1727 485 aspergitur,

93 513 113 543 5
136 494 351 541 ultimum
389 496 563 540 nitrum
602 500 648 540 et
678 494 841 539 Assius
877 493 993 554 lapis
1024 493 1211 539 additur
1242 499 1287 539 et
1318 495 1385 540 sic
1416 494 1727 555 compositum

67 609 71 612 Α
135 564 522 610 medicamentum
562 565 806 624 reponitur
842 564 890 608 in
927 562 1107 624 pyxide.

275 634 484 694 Acopum
507 633 562 679 ad
586 633 950 694 perfrictionem,
980 632 1302 679 lassitudinem
1327 639 1373 679 et
1396 632 1602 679 dolorem
1627 638 1726 679 ten-

136 706 407 764 sionemque
451 717 723 765 nervorum,
765 703 887 763 quod
934 702 1086 748 hieme
1123 701 1381 749 adhibitum
1420 717 1511 748 non
1550 705 1728 764 patitur

100 824 103 827 ,
134 774 473 834 perfrigesceoe
512 771 765 833 quamlibet
800 778 980 832 partem
1020 771 1356 834 membrorum;
1393 772 1482 819 hoc
1518 773 1728 834 Augusta

73 859 113 890 ιο
136 842 261 889 Livia
310 841 550 903 utebatur,
596 843 764 902 accipit
809 841 944 888 haec:
998 841 1207 888 Samsuci
1252 841 1382 887 floris
1427 841 1476 888 5⁴
1514 842 1555 905 I,
1605 843 1727 889 roris

135 913 302 959 marini
348 911 565 957 foliorum
603 909 651 957 ὃ*
683 910 722 973 Ι,
769 910 1056 971 faenograeci
1096 910 1143 957 P.
1174 910 1214 972 I,
1259 912 1353 957 vini
1391 911 1577 958 Falerni
1617 926 1728 958 con-

135 984 275 1044 gium,
314 980 404 1027 olei
434 980 679 1027 Venafrani
709 980 757 1027 P.
789 979 838 1027 V.
890 979 1081 1027 Praeter
1118 979 1271 1026 oleum
1310 983 1461 1028 omnia
1492 981 1648 1028 triduo
1678 983 1727 1028 in

135 1054 240 1098 vino
288 1052 514 1097 macerari
559 1049 813 1114 oportebit,
860 1056 1025 1111 quarto
1072 1050 1145 1096 die
1191 1050 1344 1097 oleum
1389 1051 1638 1097 admisceri
1682 1058 1729 1098 et

136 1123 275 1182 coqui
305 1122 351 1166 in
384 1134 532 1181 pruna
564 1134 655 1166 non
688 1122 784 1166 acri
814 1120 1217 1181 medicamentum,
1253 1120 1401 1166 donec
1432 1122 1588 1167 vinum
1620 1135 1729 1167 con-

73 1208 111 1239 15
136 1198 360 1252 sumatur,
398 1196 558 1250 postea
597 1189 827 1250 percolari
864 1204 948 1251 per
984 1189 1179 1235 linteum
1217 1189 1385 1251 duplex
1424 1190 1619 1251 oleoque
1651 1191 1728 1236 ad·

135 1260 227 1307 huc
266 1259 433 1306 calenti
472 1273 606 1305 cerae
643 1258 861 1305 Ponticae
900 1259 949 1307 P.
982 1258 1013 1305 S
1052 1259 1172 1305 adici
1209 1261 1446 1322 convenit,
1484 1262 1729 1321 reponitur

135 1330 525 1376 medicamentum
557 1328 687 1374 fictili
716 1328 788 1374 vel
819 1335 1008 1389 stagneo
1042 1342 1162 1375 vaso.
1208 1328 1324 1375 Usui
1347 1335 1418 1375 est
1442 1329 1564 1376 lenta
1589 1344 1728 1376 manu

134 1399 414 1461 perductum
453 1397 669 1445 omnibus
706 1398 943 1444 membris.

276 1469 483 1529 Acopum
527 1468 583 1514 ad
631 1482 882 1514 nervorum
928 1482 1112 1529 causas,
1158 1467 1281 1529 quod
1326 1483 1411 1529 per
1450 1469 1728 1515 vindemiam

72 1554 114 1585 20
137 1539 445 1599 componitur,
483 1544 731 1599 antequam
769 1543 974 1583 mustum
1014 1537 1315 1600 defervescat,
1354 1540 1443 1585 sic:
1481 1538 1621 1585 Musti
1655 1553 1727 1585 re-

136 1610 285 1655 centis
325 1609 513 1668 congios
544 1606 579 1651 V
610 1614 655 1653 et
686 1606 776 1653 olei
806 1605 1053 1653 Venafrani
1083 1607 1131 1654 P.
1162 1607 1199 1668 I,
1233 1609 1282 1653 in
1319 1607 1392 1653 his
1430 1615 1728 1655 macerantur

135 1679 331 1740 species,
370 1691 486 1737 quae
525 1677 646 1722 infra
684 1679 884 1737 scriptae
917 1683 1040 1738 sunt,
1079 1683 1300 1723 contusae
1333 1671 1378 1724 et
1408 1677 1726 1738 percribratae

136 1746 463 1808 grandioribus
497 1746 803 1792 foraminibus
835 1746 991 1808 cribri,
1030 1746 1075 1792 id
1109 1754 1180 1792 est
1209 1748 1292 1792 iris
1323 1747 1530 1808 Illyricae
1562 1747 1602 1793 X
1634 1747 1728 1810 XL,

137 1819 295 1878 cyperi
319 1816 358 1862 X
381 1815 474 1878 XL,
498 1816 618 1861 faeni
641 1818 794 1876 graeci
819 1815 858 1860 X
882 1815 975 1878 XL,
998 1817 1174 1877 piperis
1198 1817 1320 1876 nigri
1348 1816 1385 1862 X
1408 1816 1500 1879 XL,
1528 1817 1728 1878 xylobal-

74 1902 115 1932 25
138 1888 254 1932 sami
270 1885 403 1945 XXL,
428 1884 591 1930 calami
614 1885 807 1948 odorati,
825 1900 916 1946 quo
935 1888 1230 1945 unguentarii
1254 1892 1466 1950 utuntur,
1492 1887 1530 1932 X
1547 1886 1730 1951 LXXX,

139 1956 331 2002 schoeni
368 1954 407 2000 X
445 1954 621 2015 LXXX,
660 1954 892 2001 saliuncae
930 1954 969 2000 X
1007 1954 1194 2017 LXXX,
1233 1956 1433 2002 sertulae
1472 1956 1729 2018 Campanae

140 2025 177 2071 X
209 2024 348 2084 XIIII,
387 2025 537 2070 casiae
576 2026 735 2084 nigrae
767 2024 806 2070 X
830 2023 1014 2086 XXIIII,
1052 2025 1334 2071 cardamomi
1364 2025 1403 2071 X
1427 2025 1546 2088 XXI,
1585 2033 1729 2088 styra-

138 2097 205 2141 cis
242 2094 282 2140 X
321 2093 522 2155 XXVIII,
560 2095 678 2139 costi
714 2093 903 2156 XXIIII,
942 2108 1122 2155 myrrae
1161 2094 1379 2141 Amineae
1419 2095 1458 2140 X
1497 2095 1616 2159 XXI,
1654 2111 1728 2143 ca-

140 2166 232 2210 siae
271 2163 555 2224 daphnitidis
594 2162 633 2209 X
671 2162 819 2224 XIIII,
858 2165 1012 2224 spicae
1050 2163 1182 2209 nardi
1221 2163 1259 2209 X
1298 2163 1390 2210 XL.
1458 2165 1582 2212 Haec
1621 2181 1730 2213 cum

73 2249 115 2279 30
138 2239 291 2281 musto
337 2239 383 2279 et
427 2232 527 2278 oleo
573 2238 870 2279 macerantur
907 2235 954 2278 in
993 2247 1099 2279 vaso
1137 2241 1327 2294 stagneo
1366 2240 1445 2280 aut
1482 2235 1613 2282 fictili
1649 2250 1729 2297 po-

140 2306 223 2350 sita
262 2318 346 2365 per
384 2303 482 2348 dies
519 2301 658 2348 XXX.
726 2301 922 2363 Oportet
967 2309 1121 2348 autem
1163 2317 1241 2349 vas
1279 2303 1398 2349 bene
1437 2304 1646 2351 clausum
1683 2312 1731 2352 et

139 2373 373 2433 alligatum
425 2372 496 2418 his
548 2373 596 2417 in
642 2372 716 2417 die
765 2372 880 2417 solvi
925 2379 971 2418 et
1014 2373 1288 2433 permisceri
1333 2375 1506 2436 omnia,
1560 2374 1728 2421 deinde

139 2456 305 2488 rursus
343 2442 517 2502 operiri
554 2447 600 2487 et
639 2443 826 2502 signari,
864 2456 921 2487 ne
961 2443 1082 2488 vires
1121 2449 1409 2489 evanescant.
1462 2443 1573 2490 Post
1602 2443 1731 2490 XXX

139 2512 239 2558 dies
278 2511 489 2557 colantur
528 2517 770 2573 macerata,
808 2511 864 2557 de
904 2511 1074 2572 quibus
1105 2514 1236 2573 quasi
1267 2512 1419 2559 oleum
1449 2527 1621 2574 purum
1652 2528 1728 2560 ex·
1774 2531 1778 2534 ’

282 2622 301 2658 1
333 2617 592 2671 myrtinum]
621 2618 891 2659 scribendum
919 2618 1088 2659 videtur
1110 2618 1282 2659 irinum.
1365 2624 1413 2660 11
1439 2619 1558 2661 faeni
1581 2620 1730 2673 graeci

140 2673 378 2715 sextarium
408 2686 542 2713 unum
573 2672 767 2715 Scribon.
939 2678 992 2715 28
1024 2672 1233 2715 Amineae
1265 2675 1484 2717 Sco-ibon:
1521 2675 1726 2718 minneae

141 2729 391 2771 Coo-narius.
504 2732 556 2770 29
589 2727 736 2782 spicae
766 2728 910 2784 nardi]
944 2728 1163 2782 aspalathi
1194 2729 1388 2773 Scribon.
