1898 3016
764 90 1102 141 -23-

141 222 367 269 mationes
403 220 811 281 inportunissimas
848 219 1038 280 faciunt,
1070 231 1187 278 quae
1226 216 1402 264 adiecta
1435 217 1580 265 calida
1612 232 1729 279 aqua

141 289 337 352 amplius
374 303 565 336 necesse
598 296 669 336 est
697 290 974 336 excitentur.
1027 286 1139 333 Inde
1170 301 1282 347 ergo
1313 294 1476 334 venter
1506 287 1729 350 durescit,

140 359 329 407 inflatur
359 358 530 420 pulmo,
562 358 693 419 splen
723 357 1019 415 distenditur,
1053 359 1221 418 pinnae
1254 360 1393 403 etiam
1424 359 1592 405 iecoris
1623 371 1728 418 por·

139 430 377 491 riguntur,
422 427 591 490 quibus
636 434 990 488 coangustatum
1031 432 1077 473 et
1114 431 1373 472 coartatum
1410 427 1471 473 fel
1509 427 1727 487 exprimi-

96 519 117 551 5
139 505 237 560 tur,
276 512 366 559 quo
404 497 558 544 infuso
595 499 826 558 tinguitur
860 511 1030 558 corpus
1061 502 1107 543 et
1137 496 1186 542 fit
1216 495 1408 542 luteum.
1470 495 1586 542 Cum
1617 510 1727 557 ergo

138 569 406 630 pervenerit
456 567 511 613 ad
560 580 613 613 ea
656 566 755 613 loca
800 580 1042 627 venarum,
1094 567 1142 612 in
1192 579 1310 626 quae
1353 565 1519 626 pocula
1563 564 1729 612 hausta

139 637 448 699 descendunt,
493 636 585 683 duo
624 635 740 682 mala
776 638 954 697 iuncta,
1002 635 1047 682 id
1094 641 1166 681 est
1202 649 1278 681 res
1316 636 1436 682 acris
1474 650 1526 682 ac
1564 634 1728 694 dulcis,

139 708 231 753 cito
280 706 499 753 auferunt
542 707 761 767 animam3
814 706 951 751 sicuti
994 710 1234 766 petrarum
1277 704 1540 751 umidarum
1584 704 1729 751 sudor

137 777 234 837 igni
279 776 518 822 subiectus
562 776 654 821 cito
700 774 978 821 absorbetur
1015 774 1072 820 ab
1110 775 1227 836 igni,
1264 780 1396 834 petra
1434 781 1589 821 autem
1627 776 1729 835 ipsa

76 867 117 897 ιο
139 852 302 892 exusta
333 852 379 892 et
407 850 700 892 concremata
733 844 919 904 sfongea
958 845 1178 905 efficitur,
1217 843 1341 890 unde
1379 844 1490 908 calx,
1516 844 1588 890 vel
1618 858 1728 904 gyp-

138 930 241 962 sum
278 915 537 961 conficitur.
593 914 660 960 lta
698 913 850 960 calore
888 913 1088 960 febrium
1119 914 1397 973 excoquitur
1428 915 1592 960 vitium
1623 927 1727 959 cru-

137 984 294 1031 ditatis
325 984 629 1044 ciborumque
660 985 913 1043 congestio,
953 982 1133 1037 Quibus
1163 985 1454 1043 consumptis
1479 989 1526 1029 et
1547 984 1727 1029 exustis

136 1054 303 1115 frigida
340 1056 439 1100 sine
478 1053 618 1100 dubio
657 1052 1036 1113 superfundenda
1068 1059 1152 1115 est,
1190 1066 1248 1098 ne
1278 1054 1466 1113 penitus
1500 1058 1726 1099 arescant.

135 1123 251 1170 Nam
288 1124 509 1170 nimirum
546 1124 776 1184 aestimas,
813 1137 840 1168 o
878 1122 998 1168 bone
1034 1124 1302 1184 imperator,
1341 1121 1535 1169 calidam
1573 1128 1619 1169 et
1649 1122 1727 1168 fri·

74 1213 114 1244 15
137 1193 288 1254 gidam
325 1192 598 1239 mortalibus
635 1191 862 1238 inclusam
901 1205 1004 1238 esse
1042 1191 1331 1252 corporibus,
1374 1206 1481 1238 cum
1518 1191 1726 1252 singulae

136 1277 214 1309 res
249 1264 484 1323 propriam
521 1261 721 1308 habeant
761 1267 985 1308 naturam.
1043 1260 1168 1322 Ignis
1205 1263 1374 1322 ignem,
1411 1276 1530 1322 aqua
1561 1275 1727 1322 aquam

137 1331 390 1394 desiderat3
436 1331 517 1378 sed
555 1331 611 1377 ad
648 1330 814 1377 horum
852 1330 1134 1392 iungendam
1172 1331 1441 1377 societatem
1480 1332 1574 1377 sive
1612 1337 1726 1377 tem-

136 1403 393 1463 perantiam
436 1400 777 1462 procurandam
822 1400 1042 1447 silvarum
1086 1402 1303 1446 materies
1340 1399 1611 1462 lignumque
1649 1400 1726 1447 de·

135 1472 364 1533 poscitur,
417 1470 541 1532 quod
586 1476 632 1516 et
676 1471 825 1516 nutrit
876 1484 928 1516 ac
981 1471 1176 1516 suscitat
1220 1476 1267 1515 et
1311 1471 1433 1530 rapit
1479 1471 1635 1530 ignem
1680 1476 1727 1516 et

72 1558 113 1588 20
136 1540 350 1601 frigidam
389 1541 527 1586 vertit
562 1541 610 1585 in
649 1539 864 1601 calidam3
902 1539 983 1585 sed
1021 1553 1113 1585 non
1151 1540 1215 1584 ita
1248 1540 1297 1584 in
1328 1538 1463 1585 nobis
1494 1545 1566 1585 est
1596 1553 1725 1586 coae-

135 1609 383 1671 quandum.
421 1610 592 1669 Accipe
628 1609 784 1670 igitur,
823 1610 1120 1655 serenissime
1158 1610 1426 1670 imperator,
1463 1609 1586 1670 quod
1618 1623 1724 1655 con-

133 1681 324 1726 veniens
368 1678 504 1725 nobis
549 1684 740 1739 putetur
785 1677 1069 1739 exemplum:
1121 1678 1410 1724 thermarum
1453 1678 1631 1725 scilicet
1668 1678 1724 1725 ab

134 1763 185 1795 se
222 1748 476 1795 calidarum
512 1749 672 1794 mixtio
710 1753 980 1811 temperata,
1017 1747 1099 1794 uhi
1134 1762 1221 1794 nec
1258 1749 1379 1808 ignis
1417 1748 1601 1794 videtur
1637 1762 1724 1794 nec

134 1818 311 1879 lignum
356 1819 644 1878 suggeritur,
689 1818 780 1863 nisi
823 1831 965 1878 vapor
1009 1816 1136 1863 solus
1181 1824 1345 1878 sponte
1387 1819 1634 1864 conficitur
1679 1824 1726 1864 et

71 1904 111 1936 25
135 1902 214 1934 aer
251 1887 428 1934 calidus
467 1888 566 1932 sine
602 1885 760 1932 labore
798 1888 1012 1933 sentitur.
1070 1886 1233 1932 Nonne
1272 1887 1363 1933 duo
1401 1901 1546 1933 unum
1582 1884 1725 1934 sunt‘?

136 1964 183 2004 et
227 1957 409 2003 diversa
453 1962 591 2016 atque
637 1957 867 2002 contraria
912 1958 1110 2002 invicem
1148 1954 1379 2016 prosunt?
1427 1956 1580 2003 divina
1618 1971 1723 2017 pro-

134 2027 336 2073 videntia
382 2025 557 2072 salubri
600 2027 910 2086 permixtione
955 2040 1007 2072 ac
1051 2028 1277 2086 temperie
1322 2034 1570 2086 procurata
1611 2041 1724 2073 non-

133 2096 306 2143 nullam
338 2095 615 2156 corporibus
646 2094 888 2141 abluendis
919 2097 1162 2142 sanitatem
1190 2102 1430 2156 praestant
1459 2101 1726 2158 competen-

134 2173 322 2227 temque
360 2165 637 2211 medicinam
675 2164 952 2225 praebentes
989 2166 1140 2211 varios
1178 2164 1424 2226 languores
1463 2180 1486 2211 a
1518 2167 1724 2226 corpori-

72 2251 113 2283 30
135 2234 223 2282 bus
253 2234 516 2281 mortalium
548 2231 763 2295 pellunt?
814 2233 936 2281 Haec
968 2249 1072 2280 cum
1098 2236 1159 2280 ita
1186 2236 1291 2296 sint,
1323 2234 1439 2280 nihil
1469 2234 1593 2281 aliud
1617 2249 1724 2281 reor

133 2304 408 2351 mortalibus
445 2303 764 2364 praebendum
801 2305 893 2350 nisi
930 2303 975 2349 id
1016 2303 1159 2364 quod,
1198 2319 1303 2350 cum
1341 2305 1515 2350 infirmi
1553 2310 1723 2362 essent,

136 2374 517 2420 desideraverunt
561 2379 608 2419 et
651 2372 856 2419 oblatum
901 2373 990 2419 sibi
1033 2373 1265 2434 profuisse
1312 2380 1573 2420 senserunt.
1639 2373 1723 2420 His

135 2458 245 2505 ergo
282 2450 482 2504 utamur,
520 2442 690 2504 quibus
727 2457 889 2489 sumus
920 2442 1038 2489 bene
1069 2445 1250 2504 experti
1279 2449 1326 2489 et
1355 2457 1555 2504 quorum
1584 2443 1724 2490 bene·

135 2513 238 2559 ficio
277 2514 517 2560 consecuti
555 2525 716 2559 sumus
753 2512 1001 2572 optabilem
1039 2514 1296 2559 sanitatem.
1355 2513 1471 2559 Nam
1510 2512 1724 2560 similiter

247 2679 272 2715 3
301 2673 462 2727 pinnae
492 2678 568 2715 1m
595 2686 768 2727 pennae
797 2676 886 2715 2771.
996 2678 1017 2714 7
1049 2671 1094 2714 id
1125 2674 1208 2728 est]
1241 2674 1353 2716 inde.
1456 2680 1505 2717 10
1536 2675 1722 2730 spongia.

135 2743 187 2773 ex
217 2729 398 2784 sfongea
427 2742 533 2772 corr.
651 2734 700 2770 12
731 2728 923 2771 exaustis
954 2733 1044 2771 Im.
1161 2734 1213 2772 22
1245 2742 1271 2771 a
1300 2743 1351 2772 ex
1382 2731 1437 2772 ab
1467 2744 1574 2774 corr.

1758 1615 1781 1652 7

1754 2518 1778 2556 8
