1930 3008
722 107 1103 158 —319-

113 243 299 301 oportet
343 243 482 299 atque
529 236 638 284 inde
682 236 783 283 dari
827 235 1040 298 globulos
1086 242 1181 283 tres
1225 236 1355 283 sabae
1393 236 1711 298 magnitudine

83 305 171 356 'ex
207 307 336 356 calda
373 322 512 370 aqua3
559 308 774 354 convenit
811 312 967 354 autem
1007 320 1126 367 aqua
1162 306 1317 367 colligi
1353 305 1426 353 vel
1463 308 1713 368 conspergi

111 378 200 426 hoc
237 378 643 424 medicamentum.

252 447 388 494 Aliud
435 446 694 494 remedium
739 446 795 493 ad
839 447 1018 493 ventris
1062 448 1389 507 purgationem
1443 447 1533 492 sic:
1585 445 1708 492 Uvae

69 531 90 563 5
111 532 275 579 passae
314 519 542 579 exemptis
579 517 737 578 granis
775 522 997 563 contusae
1028 515 1068 562 X
1098 515 1197 579 1111,
1234 518 1363 563 anesi
1394 515 1434 562 X
1463 515 1580 578 VIII,
1618 515 1709 562 ela-

111 590 240 649 terii,
287 587 333 634 id
379 592 451 634 est
495 588 781 649 cucumeris,
831 587 880 632 in
932 592 1089 647 partes
1141 585 1278 632 divisi
1322 586 1405 633 loti
1454 592 1500 632 et
1549 587 1710 632 siccati

111 657 151 703 X
175 657 268 720 VII,
299 659 471 704 veratri
493 657 616 717 nigri
641 655 678 701 X
703 655 820 719 XVI,
851 656 1031 702 cunilae
1057 657 1248 702 seminis
1271 657 1459 718 purgati
1482 657 1708 702 interiora

111 727 151 773 Χ
180 726 277 773 XII.
339 726 464 773 Haec
499 727 549 772 in
584 725 826 786 pulverem
865 726 1051 772 redacta
1090 725 1374 787 colliguntur
1411 732 1459 773 et
1495 739 1552 772 ex
1590 740 1708 787 aqua

109 796 280 843 dantur
324 801 550 857 quantum
594 795 725 841 fabae
769 796 858 841 tria
903 809 1046 856 grana
1092 803 1202 842 sunt
1247 810 1483 857 superque
1522 802 1708 842 acetum

46 879 88 910 10
111 880 218 914 cum
254 865 390 912 melle
426 867 625 912 mixtum
662 864 853 912 bibitur.

247 934 363 983 Item
408 935 494 981 alia
536 936 713 982 ventris
757 936 973 996 purgatio
1026 934 1236 981 eiusdem
1291 935 1485 982 effectus
1538 935 1707 995 accipit

106 1005 244 1053 haec:
290 1005 561 1052 Scamoniae
599 1004 639 1050 Χ
669 1003 791 1067 VIII,
830 1006 1003 1051 veratri
1039 1006 1163 1065 nigri
1200 1004 1241 1050 X
1270 1003 1391 1067 VIII,
1434 1004 1707 1051 cucurbitae

108 1075 337 1122 silvestris
372 1076 598 1121 interiora
636 1074 675 1120 Χ
706 1073 826 1136 VIII,
865 1074 1080 1120 afronitri
1117 1073 1158 1120 X
1188 1074 1311 1136 VIII,
1350 1075 1483 1121 iridis
1521 1074 1560 1120 X
1590 1073 1705 1136 VIII,

4 1201 5 1206 ¹
107 1145 243 1191 nardi
281 1145 494 1206 Syriacae
532 1143 571 1189 X
602 1143 639 1189 V
671 1143 702 1190 S
737 1150 783 1190 et
812 1145 1046 1190 victoriati
1074 1149 1254 1204 partem
1286 1146 1486 1206 tertiam,
1523 1158 1706 1205 myrrae

0 1212 5 1280 J
45 1227 86 1259 15
110 1215 234 1261 idem
270 1213 504 1277 ponderis.
556 1213 714 1260 Pulvis
753 1228 810 1260 ex
846 1213 920 1260 his
952 1213 1103 1260 factus
1133 1213 1270 1260 melle
1301 1213 1558 1276 colligitur3
1596 1214 1706 1260 dan·

107 1290 186 1331 tur
222 1299 279 1331 ex
308 1284 647 1330 medicamento
678 1283 766 1330 hoc
797 1282 986 1345 globuli,
1018 1289 1243 1344 quantum
1274 1283 1404 1330 fabae
1435 1283 1706 1345 magnitudo

106 1359 192 1418 est,
223 1354 279 1400 ad
310 1353 350 1399 X
373 1353 458 1399 1111
488 1348 561 1399 vel
584 1352 634 1416 V,
667 1353 839 1415 quibus
870 1353 1101 1399 devoratis
1133 1359 1317 1400 acetum
1347 1353 1482 1399 melle
1507 1355 1707 1400 mixtum

106 1423 455 1487 superdandum
494 1429 578 1470 est.

247 1494 316 1540 Ad
355 1507 540 1540 omnem
577 1492 835 1540 molestiam
872 1492 1075 1539 febrium
1121 1498 1168 1538 et
1204 1492 1260 1538 ad
1298 1491 1459 1539 lateris
1497 1492 1704 1540 dolorem

43 1575 85 1607 πο
109 1578 216 1610 cum
262 1563 401 1621 febri,
445 1564 557 1609 item
602 1562 659 1608 ad
703 1561 971 1609 lumborum
1012 1561 1221 1608 dolorem
1257 1562 1508 1609 molestum
1546 1568 1593 1609 et
1629 1563 1705 1610 ad-

109 1647 273 1679 versus
310 1632 516 1694 liquores
554 1632 814 1693 glutinosos
853 1639 899 1679 et
930 1634 1105 1693 spissos
1135 1646 1220 1694 per
1249 1638 1461 1679 ventrem
1492 1633 1704 1693 digeren-

107 1702 190 1749 dos
228 1711 356 1749 recte
394 1701 581 1748 dabitur
617 1701 707 1748 hoc
744 1701 1138 1749 medicamentum
1178 1703 1266 1748 sic:
1309 1701 1591 1749 Cucurbitae
1630 1703 1705 1749 sil-

105 1774 283 1819 vaticae
328 1773 578 1818 interiores
622 1778 780 1832 partes
818 1772 991 1834 aridas,
1037 1786 1155 1833 quae
1201 1773 1335 1832 quasi
1377 1771 1535 1832 pluma
1580 1778 1704 1835 sunt,

107 1842 147 1888 X
184 1841 262 1903 VI,
309 1843 436 1888 croci
480 1855 532 1887 ac
576 1842 765 1902 panacis
809 1840 850 1887 X
894 1856 1053 1903 senos,
1097 1841 1325 1888 marrubii
1369 1844 1471 1888 suci
1508 1842 1548 1888 X
1588 1841 1703 1903 VIII,

44 1924 85 1955 25
108 1911 421 1973 glycyrrhizae
459 1910 500 1956 X
529 1909 628 1974 IIII,
665 1912 840 1972 piperis
878 1912 970 1958 albi
1006 1911 1047 1957 Χ
1076 1910 1148 1973 VI,
1185 1913 1362 1973 piperis
1399 1912 1524 1972 longi
1561 1911 1601 1958 X
1631 1911 1702 1974 VI,

107 1980 382 2028 Stoechados
420 1979 460 2026 X
498 1979 576 2043 VI,
616 1980 808 2027 schoeni
844 1980 974 2027 floris
1015 1981 1054 2027 X
1091 1980 1196 2043 1111,
1235 1980 1510 2028 malobathri
1548 1981 1588 2027 X
1623 1981 1701 2028 III.

103 2050 246 2096 Passo
285 2049 567 2111 colliguntur
605 2051 714 2096 trita
751 2050 866 2097 haec
904 2053 1071 2113 omnia,
1109 2051 1279 2097 dantur
1316 2065 1374 2097 ex
1410 2051 1484 2097 his
1522 2051 1702 2098 denarii

105 2120 277 2181 singuli
315 2134 423 2167 cum
461 2134 607 2181 aquae
646 2119 820 2166 calidae
858 2121 1036 2183 cyathis
1073 2120 1195 2166 binis
1232 2120 1305 2166 vel
1341 2122 1503 2167 ternis.

247 2189 443 2236 Solvunt
479 2196 689 2236 ventrem
729 2193 1024 2252 superposita
1062 2190 1197 2237 haec:
1243 2189 1530 2237 Cucumeres
1569 2190 1701 2238 silva-

41 2270 82 2302 30
103 2261 223 2306 ticos
253 2266 462 2306 maturos
494 2259 678 2306 arefieri
707 2266 907 2323 oportet,
938 2261 1104 2307 deinde
1137 2266 1358 2306 contusos
1385 2260 1490 2307 felle
1514 2262 1700 2307 taurino

105 2331 352 2391 conspergi
397 2335 534 2390 atque
577 2329 819 2390 emplastri
854 2331 992 2377 modo
1031 2330 1165 2377 inlini
1204 2329 1354 2376 alutae
1393 2335 1473 2376 aut
1509 2329 1698 2377 linteolo

106 2399 253 2458 spisso
298 2400 353 2447 ad
399 2399 767 2460 magnitudinem
811 2401 1064 2461 digitorum
1103 2405 1343 2462 quattuor,
1388 2406 1441 2446 ut
1477 2400 1698 2447 umbilico

105 2473 284 2514 tantum
323 2483 632 2532 superponas;
680 2470 804 2530 quod
844 2473 999 2517 statim
1036 2469 1292 2518 tollendum
1331 2471 1433 2533 erit,
1471 2469 1554 2516 ubi
1590 2485 1698 2517 ven·

247 2591 268 2627 1
315 2587 531 2641 globolus.
712 2594 737 2631 5
783 2589 972 2646 elaterii]
1014 2589 1182 2633 alterci.
1357 2594 1408 2632 15
1447 2589 1696 2645 collegitur.

31 2684 35 2687 .
104 2646 158 2684 2Ο
182 2642 402 2686 adversos.
544 2650 595 2687 21
628 2645 895 2699 gluttinosis.
1041 2651 1094 2688 23
1124 2646 1359 2688 interioris.
1497 2650 1552 2687 24
1581 2660 1698 2688 mar-

102 2697 230 2740 ruvii.
401 2704 455 2742 25
499 2701 746 2754 clyeerizae.
921 2702 1012 2744 albi
1058 2702 1117 2744 VI
1162 2704 1320 2746 omissa
1365 2703 1538 2746 denarii
1580 2707 1695 2746 nota.

102 2758 155 2796 26
186 2755 342 2797 scoeni.

1740 455 1794 493 22

1738 945 1792 981 23

1736 1502 1790 1540 24

1733 2200 1787 2238 25
