1930 3008
763 57 1134 109 —295-

154 195 283 238 aceto
327 194 374 236 et
416 188 551 236 melle
589 188 695 235 data
733 187 803 235 vel
838 186 1046 248 puleium
1084 185 1299 233 similiter
1335 192 1497 247 potum
1535 186 1608 233 vel
1650 184 1744 234 sili-

154 273 271 322 quae
295 258 508 320 Syriacae
539 258 648 305 folia
677 257 749 304 vel
778 258 900 303 roris
930 257 1099 303 marini
1127 270 1246 317 aqua
1276 255 1470 302 decocta
1494 255 1566 302 vel
1587 261 1743 318 petro-

155 328 342 376 silinum
386 342 443 374 ex
487 330 593 374 vino
638 328 803 374 tritum
847 326 1006 373 datum
1051 325 1122 372 vel
1166 326 1347 386 origani
1393 324 1575 372 decocti
1622 340 1742 387 aqua

152 398 222 445 vel
265 411 457 444 anesum
500 399 684 459 tritum,
735 402 959 458 quantum
1008 394 1160 442 tribus
1213 394 1369 456 digitis
1422 395 1743 456 conprehendi

109 480 130 512 5
151 473 324 529 potest3
368 467 560 528 prodest
604 468 742 513 etiam
786 467 964 513 nitrum
1007 479 1114 512 cum
1150 466 1256 510 vino
1295 470 1375 511 aut
1411 471 1542 511 aceto
1581 464 1742 512 datum

156 563 213 570 —
254 536 376 584 tollit
420 538 543 583 enim
586 537 801 597 protinus
846 534 1131 582 inflationem
1169 539 1216 581 et
1253 533 1460 580 dolorem
1497 536 1741 582 intestino-

150 621 255 654 rum
296 632 352 640 —
395 605 467 652 vel
510 605 630 652 lauri
674 604 781 651 folia
825 606 934 651 trita
979 603 1051 650 vel
1095 603 1305 650 eiusdem
1350 603 1490 651 bacae
1536 610 1617 651 aut
1653 603 1740 652 flos

150 690 206 722 ex
245 677 347 722 vino
385 680 524 735 potus
561 680 642 721 aut
677 674 866 735 panacis
903 673 1033 720 radix
1071 687 1127 720 ex
1163 675 1270 719 vino
1308 678 1436 735 pota;
1482 673 1563 720 sed
1601 688 1740 735 pana-

149 759 227 791 ces
264 759 357 791 non
394 744 544 790 solum
581 744 913 790 intestinorum
951 742 1150 804 dolores,
1189 757 1351 789 verum
1382 744 1521 789 etiam
1553 743 1740 791 cholera

86 827 127 858 10
149 820 290 861 sanat.
349 811 547 859 Prodest
583 827 640 859 ex
677 814 783 858 vino
822 811 893 858 vel
929 817 1059 858 aceto
1098 812 1298 858 ferventi
1334 813 1428 872 apii
1465 826 1627 859 semen
1657 815 1740 860 tri-

148 889 247 930 tum
285 882 443 930 datum
472 883 629 928 ieiuno
660 881 733 928 vel
762 888 915 929 terrae
945 881 1054 927 mali
1083 880 1124 927 X
1153 879 1173 926 I
1204 882 1344 927 tritus
1374 886 1514 942 potus
1545 896 1601 928 ex
1632 883 1740 929 vino

146 958 303 999 vetere
347 951 420 999 vel
462 952 629 1013 hysopi
672 957 752 999 aut
792 952 971 1012 origani
1007 949 1213 1011 virgulae
1254 951 1461 1012 quinque
1499 966 1607 998 cum
1644 953 1742 998 vini

146 1021 332 1068 hemina
369 1021 644 1067 fervefactae
684 1027 731 1067 et
766 1022 922 1068 ieiuno
959 1021 1093 1081 potui
1130 1020 1276 1066 datae.

286 1090 576 1152 Fomentum,
615 1090 738 1151 quod
773 1089 964 1151 prodest
993 1091 1325 1135 intestinorum
1356 1089 1610 1152 doloribUS,
1650 1092 1739 1138 sic:

85 1174 124 1205 15
147 1159 342 1207 Acetum
385 1166 465 1206 aut
508 1174 694 1222 aquam,
739 1161 787 1205 in
832 1173 923 1220 qua
966 1164 1073 1205 ruta
1117 1159 1300 1205 incocta
1337 1159 1499 1221 fuerit,
1545 1160 1740 1207 calidam

147 1231 300 1276 ventri
343 1235 390 1275 et
432 1228 652 1275 umbilico
705 1230 922 1290 inpones;
974 1228 1167 1274 discutit
1219 1229 1343 1274 enim
1395 1229 1641 1275 confestim
1693 1237 1741 1276 et

147 1298 278 1345 sedat
315 1298 514 1346 dolores,

287 1367 483 1414 Carmen
526 1367 583 1414 ad
627 1381 765 1414 rosus
810 1368 905 1413 sive
949 1365 1192 1413 hominum
1233 1367 1329 1412 sive
1367 1367 1634 1414 animalium
1672 1368 1738 1416 di-

146 1451 388 1484 versorum
419 1439 499 1483 sic.
543 1436 747 1483 Palmam
777 1442 903 1483 tuam
934 1450 1079 1496 pones
1110 1441 1272 1482 contra
1303 1435 1502 1483 dolentis
1525 1443 1739 1485 ventrem

82 1517 125 1548 20
147 1512 194 1554 et
229 1507 343 1553 haec
381 1512 453 1553 ter
490 1507 650 1552 novies
698 1506 846 1553 dices:
900 1505 1088 1566 Stolpus
1133 1520 1159 1551 a
1204 1505 1330 1552 caelo
1376 1506 1566 1569 cecidit,
1610 1507 1738 1555 hunc

146 1575 361 1623 morbum
411 1581 623 1636 pastores
667 1576 968 1637 invenerunt,
1022 1576 1122 1621 sine
1174 1574 1390 1621 manibus
1435 1576 1738 1640 collegerunt,

146 1646 246 1692 sine
282 1646 380 1706 igni
416 1650 657 1707 coxerunt,
695 1647 795 1691 sine
833 1643 1052 1691 dentibus
1090 1644 1407 1691 comederunt.

284 1714 351 1760 Ad
388 1714 644 1761 lumbricos
682 1713 938 1775 egerendos
975 1713 1081 1760 felle
1119 1715 1309 1775 caprino
1340 1714 1645 1762 madefactam
1674 1716 1736 1762 la·

145 1798 251 1830 nam
288 1783 508 1830 umbilico
547 1783 748 1846 adpone3
791 1783 915 1830 idem
952 1783 1062 1830 facit
1100 1789 1146 1829 et
1182 1783 1244 1829 fel
1281 1785 1517 1831 taurinum
1556 1787 1623 1832 sic
1661 1785 1736 1832 ad-

82 1865 123 1896 25
146 1854 349 1913 positum
387 1866 570 1899 necnon
606 1852 841 1899 brassicae
879 1867 1039 1899 semen
1075 1854 1239 1899 tritum
1278 1867 1334 1899 ex
1371 1855 1477 1901 vino
1516 1854 1589 1901 vel
1618 1869 1736 1916 aqua

144 1924 208 1968 ita
254 1921 487 1982 oportebit
523 1922 705 1982 adponi.
770 1922 838 1968 Ad
875 1921 1129 1968 lumbricos
1168 1928 1214 1968 et
1252 1924 1401 1969 tineas
1433 1923 1641 1971 coliculis
1679 1938 1736 1971 ex

145 2006 264 2052 aqua
307 1992 453 2037 coctis
497 1992 740 2052 origanum
782 1991 1060 2038 admiscebis
1104 2005 1157 2037 ac
1201 1993 1358 2039 ieiuno
1410 1991 1637 2040 bibendos
1687 1995 1735 2041 in

145 2060 220 2107 die
256 2066 354 2107 tres
391 2060 580 2121 cyathos
619 2060 762 2107 dahis.

283 2129 352 2175 Ad
397 2131 572 2176 ventris
616 2144 753 2177 rosus
797 2130 1056 2176 remedium
1102 2132 1190 2177 sic:
1247 2130 1428 2192 Piperis
1474 2131 1567 2178 albi
1602 2156 1672 2164 —
1700 2132 1735 2194 Ι,

81 2211 122 2241 30
146 2200 318 2261 cymini
354 2201 525 2246 saccati
562 2224 627 2231 --
658 2199 698 2262 Ι,
735 2205 867 2246 rutae
906 2199 1012 2246 folia
1048 2199 1212 2246 viridia
1253 2226 1312 2232 —
1345 2200 1379 2263 1,
1416 2202 1529 2247 nitri
1567 2195 1628 2268 θα
1660 2201 1737 2264 111,

146 2268 329 2315 euforbi
373 2269 708 2330 permodicum.
775 2268 898 2315 Haec
945 2270 1098 2316 omnia
1135 2268 1270 2316 melle
1308 2276 1354 2316 et
1391 2276 1521 2317 aceto
1559 2272 1737 2332 pariter

145 2339 371 2398 permixta
414 2340 463 2384 in
505 2338 674 2399 pilulas
718 2338 774 2384 ad
812 2338 1000 2385 modum
1038 2338 1167 2385 fabae
1205 2339 1389 2400 rediges
1427 2346 1474 2386 et
1509 2339 1735 2387 bibendas

145 2406 378 2466 paulatim,
416 2422 523 2454 cum
560 2422 678 2469 opus
716 2408 870 2470 fuerit,
907 2409 1063 2454 ieiuno
1102 2423 1158 2454 ex
1194 2410 1301 2455 vino
1338 2411 1480 2455 mixto
1519 2409 1663 2457 dabis.

1772 1098 1825 1136 15

1771 1376 1823 1415 16

1770 1724 1821 1763 17

1769 1932 1821 1970 18

1770 2142 1820 2179 19

287 2476 337 2522 Si
371 2477 658 2524 ventriculus
696 2484 993 2539 perversatus
1032 2478 1173 2524 fuerit
1202 2478 1354 2542 alicui,
1391 2493 1558 2540 aquam
1589 2479 1729 2542 bibat,
1765 2489 1820 2527 20

83 2555 125 2587 35
148 2544 271 2591 unde
315 2545 457 2606 pedes
500 2546 665 2594 laverit
708 2561 839 2610 suos,
885 2554 931 2594 et
974 2548 1030 2593 de
1074 2547 1177 2594 lana
1222 2550 1340 2611 oviS,
1393 2563 1511 2610 quae
1555 2563 1580 2596 a
1624 2549 1734 2612 lupo

290 2698 314 2735 8
338 2705 543 2746 panacae.
589 2699 612 2736 9
636 2694 815 2737 cholera
838 2695 946 2749 (sic).
992 2699 1042 2736 21
1069 2695 1348 2749 colligerunt.
1399 2700 1452 2738 23
1477 2697 1734 2751 egerendas.
