1898 3016
765 79 1189 128 -92-*

134 207 207 252 dia
254 206 433 253 libanu:
492 206 706 253 Cadmiae
752 207 790 253 X
822 208 841 253 I
874 207 925 270 S,
969 222 1187 254 cerussae
1226 207 1264 253 X
1295 208 1336 270 Ι,
1379 208 1500 254 turis
1537 210 1732 256 masculi

134 275 173 321 X
207 276 246 337 I,
285 277 379 337 opii
415 276 454 322 Χ
486 275 525 338 Ι,
570 278 771 337 gummis
808 276 910 323 XI.
976 278 1107 338 Aqua
1153 277 1340 338 pluviali
1385 277 1574 338 colliges
1619 279 1732 326 haec

136 345 350 392 similiter
387 352 524 393 tunsa
562 353 701 407 atque
739 347 942 393 cribrata
987 353 1126 408 atque
1170 349 1234 393 ita
1271 347 1458 409 collyria
1495 347 1730 396 formabis.

51 415 296 476 ‘208Hygra
344 416 399 462 ad
447 418 809 477 suppurationes
853 416 1096 463 oculorum
1142 418 1386 464 coniicitur
1439 418 1526 463 sic:
1597 418 1734 465 Croci

137 484 282 532 Siculi
311 485 350 531 X
381 486 414 547 Ι,
454 488 572 532 turis
609 486 803 532 masculi
836 486 873 532 X
905 487 945 549 I;
985 501 1039 532 ex
1077 486 1214 533 melle
1252 489 1425 548 optimo
1458 486 1732 548 despumato
1755 501 1776 532 5

135 555 250 601 haec
286 555 406 602 hene
444 557 554 602 trita
593 555 782 616 colliges
821 562 868 602 et
905 571 1010 602 cum
1049 571 1104 602 eo
1141 558 1274 617 prius
1318 557 1436 603 hene
1482 558 1734 617 permisce-

51 624 214 675 209bis
253 632 298 671 et
337 626 405 672 sic
443 625 633 686 collyria
671 626 828 672 facies.
902 626 1154 687 Collyrium
1192 626 1337 689 idem,
1381 626 1428 672 id
1468 632 1538 672 est
1575 626 1734 689 hygra,

135 695 304 756 recipit
340 694 476 742 haec:
536 695 673 741 Croci
709 695 748 740 X
779 694 862 753 ΙΙΙ,
902 697 1022 742 aeris
1060 698 1155 742 usti
1192 696 1231 741 X
1262 696 1320 759 V,
1359 696 1563 742 cadmiae
1602 696 1640 741 X
1679 696 1734 759 ΙΙ,

134 764 398 811 haematitis
437 764 475 810 X
506 765 543 810 V
575 764 619 827 S,
658 765 756 811 folii
793 764 833 811 X
863 764 897 823 Ι,
935 767 1104 811 amomi
1142 765 1181 811 X
1212 765 1245 830 Ι,
1284 766 1392 812 stibi
1435 765 1474 812 X
1504 764 1537 828 Ι,
1576 781 1734 812 cerus-

136 848 212 880 sae
251 834 291 880 X
321 835 354 897 Ι,
393 849 576 896 myrrae
614 834 653 880 X
684 835 717 898 Ι,
756 836 850 895 opii
888 835 927 881 X
960 835 998 898 Ι,
1036 837 1213 896 piperis
1252 835 1342 882 albi
1380 835 1419 881 X
1450 835 1491 896 Ι,
1533 837 1733 896 gummis
1758 850 1799 880 ιο

135 904 175 950 X
205 903 247 950 ΙΙ
279 904 331 967 S3
369 906 474 951 vino
510 904 704 951 Amineo
742 911 881 951 tunsa
920 911 966 952 et
997 905 1197 952 cribrata
1228 906 1343 952 haec
1375 905 1564 966 colliges
1595 912 1734 966 atque

51 977 205 1024 210ita
236 974 423 1036 collyria
454 974 689 1021 formabis.
736 974 987 1037 Collyrium
1013 975 1058 1021 di
1083 975 1207 1021 aloes
1232 976 1478 1021 conficitur
1502 976 1590 1023 sic:
1622 975 1735 1022 Cad-

135 1045 255 1090 miae
292 1044 331 1090 X
362 1044 382 1090 Ι
414 1044 458 1106 S,
496 1045 761 1091 haematitis
798 1045 838 1090 X
869 1044 918 1100 V,
957 1047 1233 1091 ammoniaci
1272 1045 1312 1090 X
1343 1045 1363 1090 I
1395 1044 1439 1107 S,
1478 1046 1572 1106 opii
1610 1045 1649 1091 X
1689 1045 1734 1107 S,

137 1115 257 1160 aeris
295 1116 390 1161 usti
420 1114 460 1159 X
493 1114 537 1176 S,
575 1114 700 1160 aloes
730 1114 770 1160 X
800 1114 855 1176 ΙΙ,
896 1116 1133 1174 aeruginis
1163 1114 1203 1160 X
1229 1114 1275 1177 S,
1313 1116 1593 1175 opopanacis
1626 1115 1665 1160 X
1690 1115 1734 1178 S,
1807 1138 1810 1140 -

137 1183 245 1230 salis
283 1185 559 1230 ammoniaci
597 1183 635 1229 X
666 1184 698 1247 Ι,
736 1183 920 1245 galbani
958 1184 997 1229 X
1030 1184 1075 1246 S,
1114 1199 1295 1246 myrrae
1327 1184 1367 1230 X
1400 1183 1445 1246 S,
1483 1183 1604 1230 fellis
1635 1191 1733 1231 tau-
1759 1198 1799 1229 15

136 1254 230 1300 rini
266 1254 305 1300 X
339 1253 384 1317 S,
422 1253 602 1314 lepidae
632 1253 672 1299 X
705 1253 749 1316 S,
788 1256 989 1315 gummis
1020 1253 1060 1299 X
1090 1253 1109 1299 Ι
1142 1253 1185 1300 S.
1251 1254 1366 1301 Cum
1398 1268 1516 1315 aqua
1547 1254 1736 1315 pluviali

52 1324 258 1373 211haec
303 1326 351 1370 in
395 1323 637 1384 pulverem
686 1323 873 1370 redacta
918 1329 1044 1370 teres
1091 1329 1138 1370 et
1175 1323 1410 1371 formabis.
1484 1323 1735 1386 Collyrium

138 1394 211 1440 dia
243 1408 455 1456 smyrnes
486 1395 656 1455 recipit
685 1394 821 1440 haec:
860 1393 995 1440 Croci
1026 1393 1122 1456 XI,
1161 1394 1366 1440 cadmiae
1398 1393 1437 1439 X
1470 1393 1516 1455 S,
1554 1394 1737 1441 haema-

137 1465 235 1510 titis
272 1463 312 1509 X
343 1464 377 1526 I,
414 1479 596 1525 myrrae
635 1463 674 1509 X
706 1463 751 1526 S,
789 1465 930 1510 misui
966 1463 1006 1508 X
1042 1463 1086 1526 S,
1123 1465 1300 1525 piperis
1339 1464 1378 1510 X
1411 1463 1455 1526 S,
1494 1465 1589 1525 opii
1619 1464 1658 1510 X
1691 1465 1736 1528 S,

137 1535 337 1595 gummis
371 1534 407 1580 X
438 1534 489 1596 S3
519 1533 760 1595 pulverem
784 1535 1111 1580 tenuissimum
1135 1533 1300 1580 harum
1334 1535 1595 1594 specierum
1629 1549 1735 1581 cum
1759 1549 1801 1578 20

54 1615 134 1652 212
148 1606 252 1650 vino
284 1610 441 1650 vetere
471 1610 596 1650 teres
628 1612 674 1650 et
704 1603 891 1665 collyria
922 1603 1030 1649 inde
1061 1603 1296 1650 formabis.
1357 1603 1510 1664 Hygra
1542 1604 1595 1649 ad
1630 1619 1736 1666 sup-

137 1675 409 1735 purationes
448 1673 690 1720 oculorum
728 1675 897 1735 recipit
934 1672 1068 1719 haec:
1126 1673 1339 1719 Cadmiae
1377 1672 1416 1718 X
1453 1673 1564 1734 VIII,
1603 1675 1737 1735 spodi

138 1744 178 1790 X
208 1743 313 1805 IIII,
353 1743 462 1790 stibi
498 1743 538 1789 X
568 1743 669 1806 VII,
709 1745 832 1789 croci
875 1742 1018 1789 Siculi
1058 1742 1098 1788 X
1129 1742 1222 1805 VII,
1261 1742 1403 1789 amuli
1439 1742 1479 1788 X
1510 1742 1603 1805 VII,
1642 1745 1737 1804 opii

138 1813 314 1876 XIIII,
359 1815 559 1875 gummis
597 1813 765 1860 XIIII.
837 1813 961 1859 Haec
1006 1814 1054 1858 in
1098 1812 1340 1874 pulverem
1378 1812 1736 1860 subtilissimum

54 1884 331 1931 213redacta
378 1898 485 1931 cum
530 1898 648 1944 aqua
690 1883 879 1944 pluviali
916 1889 1042 1929 teres
1080 1889 1127 1929 et
1164 1882 1399 1929 formabis.
1473 1882 1735 1945 Descriptio
1759 1897 1801 1928 25

138 1953 455 2016 xerocollyrii,
503 1953 626 2014 quod
678 1952 1039 2014 calliblepharon
1094 1953 1289 1999 dicitur:
1363 1952 1543 2013 Piperis
1595 1980 1655 1986 -
1704 1953 1736 2015 Ι,

139 2023 267 2070 stibii
306 2049 371 2055 —-
401 2024 433 2086 Ι,
472 2023 570 2069 folii
613 2049 671 2055 —
707 2022 739 2085 Ι,
777 2022 943 2084 lapidis
980 2022 1171 2084 Phrygii
1207 2022 1255 2069 P.
1286 2022 1319 2084 I,
1360 2036 1497 2083 quem
1537 2021 1736 2083 lapidem

139 2092 318 2140 divides
362 2095 410 2139 in
454 2099 611 2155 partes
658 2099 835 2154 septem
884 2098 930 2138 et
972 2092 1225 2155 conbures,
1270 2091 1550 2138 conbustum
1589 2094 1736 2139 extin-

140 2177 254 2224 gues
298 2163 387 2210 hoc
433 2163 594 2209 modo:
666 2177 806 2209 unam
858 2169 1037 2224 partem
1082 2164 1129 2208 in
1175 2161 1401 2222 balsamo,
1449 2161 1641 2208 alteram
1687 2164 1734 2208 in

140 2233 397 2295 omphacio,
428 2235 614 2280 tertiam
646 2234 693 2279 in
725 2233 843 2279 lacte
873 2232 1105 2294 muliebri,
1137 2237 1346 2292 quartam
1379 2233 1427 2277 in
1450 2233 1572 2294 vino,
1604 2233 1735 2292 quin·
1758 2246 1800 2276 30

139 2310 233 2349 tam
264 2305 311 2349 in
349 2305 482 2349 urina
510 2303 715 2363 infantis,
748 2308 922 2349 sextam
954 2303 1002 2347 in
1033 2301 1215 2363 butyro,
1248 2303 1489 2361 septimam
1521 2303 1568 2346 in
1600 2301 1736 2348 melle

139 2373 313 2435 Attico;
346 2387 463 2434 quae
495 2374 646 2419 omnia
680 2375 727 2418 in
759 2373 1124 2418 minutissimum
1155 2371 1394 2431 pulverem
1426 2371 1611 2418 redacta
1648 2373 1736 2417 cri-

140 2441 364 2503 brataque
409 2442 648 2505 miscebis3
695 2442 816 2503 quod
864 2443 902 2487 si
947 2442 1101 2487 acrius
1146 2455 1248 2486 esse
1294 2440 1518 2503 volueris,
1565 2441 1736 2487 adicies

255 2566 275 2602 1
320 2561 569 2618 dialibanu]
616 2562 865 2615 diadianoy.
1054 2566 1080 2602 4
1127 2560 1243 2603 croci
1289 2560 1443 2615 Siculi]
1495 2560 1734 2604 crocodilli.

142 2622 195 2658 11
229 2618 460 2659 ammineo.
599 2623 649 2659 12
682 2618 888 2660 diacoles.
1022 2621 1072 2658 15
1101 2616 1273 2658 mitrae.
1407 2621 1459 2658 18
1491 2616 1734 2658 diasmiras.

140 2678 191 2714 21
224 2677 373 2715 vetere
403 2674 537 2728 teres]
570 2677 754 2716 veteres.
898 2677 950 2714 26
981 2670 1264 2725 xyrocollirii.
1408 2672 1734 2715 callebleforan.

141 2734 192 2771 27
223 2729 369 2782 frygii.
485 2734 537 2770 30
569 2728 770 2771 omfacio.
