1898 3016
789 130 1169 182 —150—

102 266 157 306 94
187 264 347 318 tegere
386 257 487 305 lana
527 257 766 319 sulpurata
797 264 941 305 totam
973 258 1217 306 maxillam.
1271 258 1397 306 Bene
1428 259 1621 308 discutit
1649 275 1783 322 paro-

186 327 307 374 tidas
352 329 436 374 iris
481 327 662 390 Illyrica
708 334 902 375 contusa
947 335 1078 375 cocta
1127 344 1182 375 ex
1227 344 1365 390 passo
1411 336 1458 376 et
1492 345 1622 377 more
1662 337 1782 378 cata-

186 397 424 459 plasmatis
467 398 644 444 farinae
688 397 952 444 hordiaciae
999 398 1144 444 calida
1187 398 1260 445 his
1297 398 1370 445 vel
1405 406 1478 446 ter
1514 401 1564 447 in
1601 400 1676 447 die
1712 401 1782 447 in-

102 477 156 516 95
187 469 350 528 posita.
397 466 601 514 Discutit
631 474 677 514 et
706 467 795 514 hoc
825 467 1217 515 medicamentum
1247 468 1496 532 parotidas,
1533 476 1782 531 antequam

187 542 470 598 suppurent,
523 537 648 598 quod
701 537 949 583 conficitur
1002 538 1091 584 sic:
1159 537 1358 599 Spumae
1406 541 1589 599 argenti
1631 539 1680 585 P.
1725 539 1824 602 11,⁵

188 620 407 653 cerussae
444 606 492 653 P.
524 606 557 669 I,
597 605 705 652 salis
743 607 1019 653 ammoniaci
1048 606 1097 653 P.
1128 606 1162 670 I,
1200 609 1321 654 aeris
1351 607 1480 654 floris
1510 608 1559 655 P.
1590 607 1624 671 I,
1662 611 1783 656 aceti

186 673 235 722 8
267 676 299 739 1,
338 675 427 722 olei
463 677 635 722 veteris
673 673 721 723 S
752 675 807 722 II.
874 676 1110 740 Spumam,
1148 691 1400 740 cerussam,
1437 677 1579 724 salem
1616 693 1701 740 per
1731 693 1782 725 se

187 751 233 791 et
271 759 378 791 cum
410 751 541 792 aceto
572 751 727 792 terere
757 752 803 792 te
835 752 1020 808 oportet
1049 748 1271 793 mortario
1303 762 1578 811 marmoreo,
1613 748 1781 795 deinde

186 814 288 861 oleo
318 815 520 861 admixto
550 817 750 862 traicere
780 817 830 862 in
860 815 1109 862 caccabum
1140 816 1357 878 amplum,
1394 831 1453 863 ne
1476 823 1606 863 extra
1637 818 1782 864 effun-

185 884 336 946 datur,
375 891 421 930 et
458 885 514 931 ad
552 887 706 946 ignem
743 899 940 948 ponere;
979 887 1240 932 effervescit
1277 888 1401 932 enim
1440 886 1582 933 valde.
1664 886 1780 933 Cum
1804 899 1845 929 10

185 953 302 1000 haec
347 969 490 1015 super
535 956 692 1015 ignem
727 956 878 1016 posita
914 954 1166 1002 habuerint
1203 955 1442 1016 emplastri
1478 955 1629 1002 mollis
1667 963 1782 1003 tem-

184 1029 467 1086 peraturam,
506 1023 678 1085 deponi
714 1024 948 1085 oportebit
985 1025 1256 1087 caccabum3
1295 1039 1402 1071 cum
1444 1040 1550 1072 vero
1589 1025 1783 1072 desierit

185 1093 387 1155 fervere,
432 1093 653 1154 paulatim
699 1108 947 1155 aspergere
991 1095 1112 1140 aeris
1158 1094 1320 1140 florem
1366 1101 1414 1140 et
1453 1109 1640 1141 movere
1679 1110 1780 1156 spa-

185 1162 279 1209 tula
318 1161 724 1225 medicamentum,
762 1178 821 1210 ne
856 1169 987 1209 extra
1017 1163 1253 1226 fundatur,
1291 1171 1338 1210 et
1366 1178 1533 1210 rursus
1564 1179 1781 1228 coquere,

185 1231 333 1279 donec
370 1231 539 1278 habeat
576 1231 816 1293 emplastri
852 1233 1220 1296 spissitudinem,
1257 1233 1461 1280 debebis.

104 1312 158 1349 96
329 1302 396 1349 Ad
437 1309 640 1348 strumas
678 1301 797 1348 bene
828 1303 938 1349 facit
966 1302 1097 1348 radix
1128 1304 1392 1349 cucumeris
1424 1303 1620 1350 silvatici
1650 1309 1781 1350 cocta

185 1386 240 1418 ex
279 1386 398 1433 aqua
435 1371 582 1418 mulsa
621 1377 667 1418 et
705 1373 815 1418 trita
852 1379 990 1433 atque
1028 1373 1091 1418 ita
1134 1374 1357 1434 inposita,
1395 1372 1628 1420 hibiscum
1667 1387 1779 1434 quo-

103 1450 155 1488 97
189 1456 279 1504 que
311 1441 475 1488 eodem
505 1441 642 1488 modo
674 1449 861 1488 coctum
894 1449 939 1488 et
969 1443 1224 1503 inpositum
1246 1441 1415 1488 melius
1439 1443 1562 1490 facit.
1615 1442 1782 1488 Marini

185 1511 369 1573 lepores
408 1511 509 1557 oleo
546 1517 703 1557 vetere
742 1513 896 1557 enecti
932 1510 1051 1557 hene
1097 1512 1274 1558 faciunt
1312 1511 1618 1558 discutiendis
1659 1518 1780 1558 stru-

184 1583 288 1644 mis,
328 1595 435 1628 cum
472 1582 574 1641 ipso
612 1580 713 1626 oleo
751 1582 799 1626 in
829 1580 1044 1641 plumbea
1077 1581 1243 1642 pyxide
1274 1580 1406 1643 clusi,
1444 1596 1583 1642 quam
1613 1581 1780 1628 diebus
1803 1595 1843 1624 20

185 1649 264 1697 XL
303 1650 550 1711 diligenter
588 1650 818 1710 alligatam
856 1656 1040 1711 oportet
1077 1650 1261 1713 haberi3
1298 1656 1460 1711 postea
1498 1666 1555 1697 ex
1593 1666 1647 1697 eo
1679 1653 1779 1711 pin·

184 1720 295 1767 nula
339 1719 613 1767 oblinendae
661 1726 770 1766 sunt
815 1725 1020 1766 strumae
1067 1734 1303 1781 superque
1344 1734 1421 1766 eas
1458 1720 1592 1781 pellis
1630 1720 1781 1767 lanata

184 1804 279 1837 non
316 1791 512 1837 nimium
549 1797 682 1836 tonsa
720 1789 909 1849 tegendi
945 1791 1092 1850 gratia
1129 1789 1394 1851 inponenda
1423 1796 1508 1837 est.
1567 1789 1781 1851 Praecipi

185 1867 341 1907 autem
379 1865 584 1922 oportet,
623 1874 681 1905 ne
720 1861 825 1920 quis
862 1858 951 1905 hoc
989 1858 1327 1906 medicamento
1364 1874 1529 1906 manus
1566 1861 1782 1920 inquinet

101 1937 154 1976 98
185 1937 267 1977 aut
302 1931 584 1992 inquinatas,
618 1930 894 1990 priusquam
923 1928 1042 1975 bene
1074 1928 1256 1993 eluerit,
1293 1928 1350 1975 ad
1381 1943 1433 1975 os
1464 1929 1649 1976 referat.
1710 1929 1777 1975 Ad
1802 1941 1843 1972 25

185 2005 389 2047 strumas
427 2005 474 2045 et
511 1999 568 2045 ad
606 1999 802 2045 duritias
840 2012 1145 2044 mammarum
1184 1999 1380 2045 mirifice
1417 1999 1528 2045 facit
1563 1997 1652 2045 hoc
1685 2013 1779 2045 me-

186 2070 522 2131 dicamentum,
567 2076 814 2129 antequam
861 2074 1124 2128 suppurent
1169 2075 1215 2114 et
1251 2074 1358 2128 post
1395 2070 1779 2129 suppurationem

185 2139 330 2185 nihilo
365 2140 521 2185 minus
559 2137 674 2184 utile
706 2145 791 2200 est,
829 2139 999 2198 accipit
1028 2138 1164 2185 haec:
1196 2137 1297 2184 Olei
1327 2139 1496 2183 veteris
1526 2137 1576 2184 P.
1600 2136 1634 2200 I,
1672 2152 1779 2198 spu-

185 2223 287 2255 mae
334 2209 516 2269 argenti
552 2207 600 2254 P.
632 2207 672 2269 1,
716 2207 861 2269 gallae
907 2206 1122 2269 Syriacae
1167 2206 1214 2253 P.
1245 2206 1307 2269 II,
1353 2221 1546 2253 mannae
1590 2206 1690 2253 P.I
1734 2214 1781 2253 et

185 2280 392 2341 unciam,
437 2277 622 2339 galbani
659 2277 707 2325 P.
738 2277 770 2324 Ι.
846 2276 961 2323 Cum
1007 2275 1108 2324 oleo
1148 2277 1367 2337 coquitur
1403 2291 1590 2339 spuma,
1630 2276 1779 2323 donec
1802 2290 1843 2320 ³0

186 2350 334 2395 ceroti
379 2349 519 2409 spissi
562 2346 731 2394 habeat
775 2352 1159 2409 temperaturam,
1204 2346 1370 2392 deinde
1415 2346 1699 2392 admiscetur
1737 2347 1781 2392 ei

185 2418 302 2478 galla
347 2423 394 2464 et
439 2417 698 2464 secundum
739 2417 858 2463 hanc
896 2431 1084 2479 manna;
1129 2430 1235 2462 cum
1281 2415 1520 2476 emplastri
1563 2415 1781 2462 habuerit

186 2487 560 2549 spissitudinem,
596 2486 777 2533 tollitur
815 2486 871 2533 ab
909 2487 1007 2547 igni
1044 2485 1434 2532 medicamentum
1473 2491 1519 2531 et
1556 2500 1663 2532 cum
1703 2485 1779 2531 de-

187 2558 318 2603 sierit
355 2558 551 2618 fervere,
589 2557 812 2617 paulatim
848 2555 1094 2617 galbanum
1130 2556 1369 2618 miscetur,
1410 2554 1578 2601 deinde
1616 2554 1780 2601 linitur

299 2667 322 2703 3
354 2662 521 2704 farinae
552 2675 630 2704 om.
734 2667 757 2704 6
788 2662 881 2704 flos,
984 2666 1035 2703 10
1066 2660 1340 2703 acfervescit.
1441 2665 1492 2702 13
1524 2661 1776 2715 aspergere]

186 2731 406 2782 spargere.
557 2718 649 2760 flos.
801 2722 852 2760 17
898 2717 1138 2759 hebiscum.
1313 2720 1364 2758 19
1411 2717 1557 2759 enecti
1602 2717 1778 2770 scripsi:

182 2780 361 2817 mnecti.
