1930 3008
738 122 1116 172 —267—

130 255 333 316 spissum
376 252 597 316 poculum
643 252 794 299 detur.
863 249 1100 296 Vessicam
1144 248 1317 296 relevat
1362 249 1550 296 coliculi
1594 252 1809 298 cocti104

129 338 247 386 aqua
283 325 440 372 triduo
479 338 502 370 a
540 324 697 370 ieiuno
735 322 908 382 iugiter
945 326 1065 380 pota.

266 394 334 443 Ad
379 395 584 441 vessicae
627 393 737 439 vitia
775 389 1001 437 curanda:
1053 388 1233 449 Myrrae
1273 391 1559 437 semunciam
1596 390 1808 438 bene105

126 465 263 510 tritae
301 480 410 513 cum
448 463 587 510 mulsi
623 462 796 509 veteris
834 459 1011 522 cyathis
1048 458 1201 505 tribus
1235 458 1366 505 dabis
1397 474 1482 520 per
1512 460 1723 507 triduum

83 546 103 578 ο
127 534 282 581 ieiuno
318 535 508 582 exeunti
538 533 693 579 statim
725 546 750 577 a
779 529 976 592 balineO,
1014 530 1076 575 ita
1108 535 1173 591 ut,
1212 529 1323 575 dum
1354 529 1539 576 sabanis
1571 532 1722 593 operi-

125 611 217 668 tur,
256 604 464 667 singulos
501 604 550 648 in
588 602 710 648 diem
750 599 939 661 cyathos
977 598 1116 645 bibat.

264 675 314 722 Si
357 677 407 721 in
450 673 629 719 vessica
673 669 847 731 aliquid
892 669 1130 715 molestiae
1176 667 1338 731 fuerit,
1389 671 1504 717 nitri
1547 670 1711 718 ssorem
1727 680 1806 718 106

122 743 195 790 vel
224 747 265 791 si
294 744 380 790 flos
411 756 505 789 non
535 741 691 802 fuerit,
729 741 885 800 ipsum
914 740 1093 785 nitrum
1123 744 1341 786 conteres
1373 746 1419 786 et
1450 755 1557 787 cum
1589 756 1723 805 aqua,

121 815 170 860 in
216 827 306 874 qua
351 811 537 860 coliculi
581 811 703 858 cocti
746 809 942 865 fuerint,
986 810 1187 870 vinoque
1232 810 1386 869 picato
1425 810 1495 856 vel
1534 818 1722 858 austero

59 883 301 930 mrubello
348 883 599 930 durissimo
646 879 777 926 dahis
821 877 1077 924 bibendum
1121 892 1207 939 per
1251 879 1461 926 triduum
1506 880 1579 927 vel
1619 881 1723 928 diu-

122 955 229 1016 tius,
269 948 309 1000 si
345 955 408 1000 ita
447 965 563 1013 opus
602 951 764 1012 fuerit3
803 948 1261 1009 magnificentissime
1298 949 1523 1009 proderit.

261 1022 416 1070 Prima
460 1021 564 1068 luce
609 1034 728 1082 puer
771 1020 901 1079 virgo
939 1032 1095 1064 rorem
1136 1018 1193 1064 de
1231 1017 1354 1065 foliis
1393 1019 1596 1066 caulium
1634 1036 1713 1068 ex-
1727 1029 1805 1069 107

122 1108 313 1142 cussum
350 1095 400 1139 in
437 1106 555 1138 nova
593 1089 681 1136 olla
718 1090 939 1150 excipiat,
983 1102 1077 1134 non
1121 1089 1276 1134 minus
1322 1091 1550 1136 sextarios
1590 1098 1720 1152 quat-

121 1173 249 1227 tuor,
296 1178 350 1210 eo
396 1162 569 1208 adicies
614 1159 764 1206 mellis
810 1159 1100 1219 quartarium
1145 1164 1191 1204 et
1235 1158 1359 1204 faeni
1403 1161 1558 1220 graeci
1597 1160 1718 1208 bene

57 1245 97 1276 15
120 1235 331 1282 mundati
370 1239 416 1279 et
452 1231 536 1278 loti
573 1230 862 1291 quartarium
900 1234 947 1274 et
975 1227 1227 1288 zingiberis
1258 1230 1419 1275 uncias
1449 1235 1547 1276 tres
1578 1236 1718 1292 atque

119 1307 184 1352 ita
228 1304 463 1364 decoques
506 1301 635 1347 horis
681 1298 833 1345 tribus
879 1303 924 1344 et
968 1297 1076 1343 inde
1121 1297 1376 1344 bibendum
1416 1298 1547 1346 dabis
1585 1315 1719 1348 mane

119 1375 276 1421 ieiuno
316 1371 547 1420 calculoso
579 1370 871 1431 quartarium
901 1373 1151 1427 tepentem.
1207 1366 1332 1414 Haec
1362 1371 1489 1430 potio
1520 1384 1606 1431 per
1637 1373 1719 1418 tri-

120 1445 265 1491 duum
304 1448 489 1504 sumpta
524 1453 745 1487 mensura
783 1438 1010 1499 quartarii
1048 1443 1094 1483 et
1130 1439 1356 1484 vessicam
1396 1446 1443 1485 et
1479 1441 1718 1488 reniculos

120 1522 166 1562 et
202 1515 424 1561 intestina
460 1511 693 1558 universis
731 1506 949 1554 sordibus
986 1513 1168 1567 purgat.

53 1591 95 1623 20
259 1583 442 1644 Piperis
486 1594 629 1643 grana
672 1577 815 1640 vull,
868 1576 1079 1623 eiusdem
1122 1577 1346 1638 ponderis
1391 1578 1555 1640 sulpur
1599 1582 1802 1630 trita108

120 1653 259 1702 simul
295 1655 345 1699 in
380 1654 488 1698 vino
525 1657 682 1696 vetere
723 1647 854 1694 dabis
892 1646 1094 1693 bibenda
1123 1648 1281 1694 ieiuno
1313 1648 1560 1713 calculOSO,
1600 1650 1719 1698 solet

119 1726 275 1772 statim
313 1723 569 1784 perniciem
602 1719 869 1779 demovere3
908 1718 948 1762 si
977 1723 1132 1763 tamen
1163 1717 1285 1764 ultra
1316 1718 1448 1765 dolor
1478 1723 1718 1783 manserit,

116 1797 291 1842 iterum
328 1791 460 1839 dabis
498 1789 697 1836 similem
733 1788 985 1848 potionem.

258 1862 433 1909 Pellem
469 1860 642 1921 leporis
680 1863 918 1903 recentem
956 1858 1004 1902 in
1035 1855 1123 1902 olla
1154 1857 1328 1904 munda
1359 1858 1428 1905 vel
1460 1860 1616 1920 tegula
1646 1863 1709 1908 ita
1722 1872 1801 1910 109

55 1941 96 1973 25
120 1949 227 1981 cum
262 1932 367 1979 lana
405 1944 487 1977 sua
525 1927 788 1988 combureS‚
825 1932 878 1972 ut
914 1927 963 1971 in
1000 1928 1332 1973 tenuissimum
1370 1928 1613 1989 pulverem
1643 1946 1719 1978 re-

120 2005 279 2063 digere
324 2002 498 2063 possis,
551 2011 691 2059 quem
736 1995 993 2043 cribratum
1037 1997 1086 2041 in
1131 2010 1239 2044 vaso
1289 1998 1436 2045 nitido
1487 2000 1716 2064 servabis3

119 2073 226 2120 inde
251 2086 360 2119 cum
383 2083 500 2132 opus
525 2069 679 2129 fuerit,
709 2068 800 2112 tria
823 2065 1039 2112 cocliaria
1062 2067 1110 2111 in
1132 2068 1322 2127 potione
1347 2068 1477 2116 dabis
1501 2069 1718 2135 bibenda,

119 2157 237 2204 quae
282 2156 360 2188 res
408 2141 504 2186 sive
543 2136 708 2184 calculi
745 2137 841 2182 sive
878 2136 1085 2182 vessicae
1124 2135 1309 2184 dolores
1347 2141 1570 2186 continuo
1609 2156 1718 2188 con·

118 2214 281 2274 pescit‚
355 2210 447 2257 Sed
492 2207 639 2255 multo
683 2207 922 2268 potentius
968 2206 1058 2252 erit
1099 2206 1380 2270 remedium,
1425 2211 1466 2255 si
1509 2210 1719 2271 leporem

55 2289 95 2320 30
120 2284 274 2329 vivum
319 2283 367 2327 in
413 2279 501 2326 olla
546 2291 664 2324 nova
709 2274 898 2322 claudas
943 2282 990 2321 et
1037 2289 1180 2337 gypso
1208 2279 1383 2331 ,omnia
1432 2281 1718 2340 spiramenta

118 2354 240 2399 vasis
278 2350 493 2397 obstruas
531 2353 578 2394 et
614 2349 663 2393 in
701 2346 839 2392 furno
877 2359 1026 2406 usque
1066 2345 1122 2391 ad
1158 2346 1355 2393 favillam
1394 2351 1717 2398 tenuissimam

120 2435 300 2468 cremes
337 2422 590 2480 tritamque
630 2422 676 2463 et
714 2414 964 2462 cribratam
995 2415 1222 2462 recondas
1256 2423 1395 2479 atque
1425 2419 1533 2465 inde
1565 2427 1718 2467 certas

121 2504 362 2538 mensuras
399 2491 448 2535 in
485 2489 673 2550 potione
711 2486 807 2532 vini
844 2485 1010 2531 offeras
1049 2484 1295 2534 calculosis
1333 2493 1379 2534 et
1418 2490 1500 2550 qui
1530 2492 1716 2551 sangui·

121 2575 228 2607 nem
264 2561 501 2621 mingunt3
537 2558 656 2604 mire
694 2569 775 2602 eos
815 2554 1012 2601 sanabis.

265 2671 285 2706 1
312 2663 498 2729 colicqli.
571 2667 596 2705 8
619 2663 692 2728 vel
715 2675 793 2704 om.
853 2667 899 2726 ⁰9
925 2661 1114 2704 colicoli.
1198 2666 1250 2704 14
1273 2665 1401 2708 verba
1422 2665 1543 2708 faeni
1564 2654 1715 2721 graeci

120 2725 231 2765 bene
255 2720 459 2762 mundata
490 2721 535 2762 et
562 2718 647 2762 lou
671 2719 939 2772 quartanum
964 2719 1010 2760 et
1031 2731 1110 2762 om.
1193 2723 1244 2761 17
1268 2721 1436 2773 tepens.
1518 2726 1571 2764 25
1595 2735 1715 2765 cum-

120 2780 263 2821 bureS.
379 2780 432 2818 28
464 2775 622 2817 calculi
651 2774 827 2827 scripsi.-
860 2774 1053 2817 calculis.
1171 2778 1222 2816 32
1254 2777 1480 2820 recondes,
