1898 3016
120 523 141 559 1

253 233 638 290 MARCELLI
685 235 781 291 DE
829 235 1407 293 MEDICAMENTIS
1454 237 1696 296 LIBER.

875 333 999 380 CAP.
1037 333 1069 380 Ι.

670 421 754 463 Ad
791 420 978 474 eapitis
1014 421 1271 465 dolorem.

313 511 381 558 Ad
413 514 579 573 capitis
609 512 818 559 dolorem
840 515 979 559 etiam
1002 515 1051 559 in
1075 513 1196 560 febri
1217 515 1382 575 primis
1404 514 1570 562 diebus
1593 517 1769 563 incom-

173 581 300 628 modi
323 581 516 643 serpulli
537 607 606 615 —
628 581 672 642 Ι,
702 596 836 628 rosae
860 583 1016 630 aridae
1043 609 1102 615 —
1122 582 1165 630 ΙΙ
1185 585 1503 645 incoquuntur
1526 599 1634 632 cum
1657 585 1768 632 duo-

173 651 263 698 bus
294 652 508 698 sextariis
531 653 652 698 aceti
674 653 904 715 acerrimi,
936 652 1163 700 donec-ad
1194 653 1407 701 dimidias
1436 654 1768 715 perducantur.

172 720 285 767 Inde
330 722 531 767 sumitur
569 721 762 783 cyathus
800 728 847 768 et
884 721 1067 769 duobus
1103 737 1237 769 rosae
1275 723 1453 785 cyathis
1489 723 1608 771 bene
1646 739 1768 771 com-

172 792 400 837 miscetur
451 791 816 852 frequenterque
866 798 1059 838 curatur
1103 807 1159 839 ex
1206 807 1260 838 eo
1305 798 1465 856 caput3
1516 793 1599 840 ubi
1643 796 1809 841 enims

174 860 369 907 incaluit
413 860 537 921 quod
583 860 791 907 infusum
836 868 928 923 est,
980 863 1073 908 nisi
1116 876 1281 908 recens
1326 862 1573 926 adiciatur,
1617 870 1768 910 nocet.

175 929 291 976 Item
335 930 528 991 prodest
572 930 735 976 eodem
779 931 917 977 modo
962 937 1067 978 ruta
1109 946 1193 992 per
1231 946 1280 978 se
1318 931 1390 978 vel
1426 946 1533 979 cum
1569 932 1768 980 hederae

175 999 303 1046 bacis
348 1000 540 1046 decocta
585 1006 631 1046 et
675 1001 817 1060 capiti
864 1001 1019 1061 tepide
1056 1001 1220 1048 infusa.
1287 1000 1545 1063 Polygonos
1582 1017 1769 1064 quoque

173 1068 339 1132 herba,
384 1083 501 1130 quae
545 1068 707 1116 Latine
754 1072 1049 1130 sanguinaria
1096 1071 1289 1132 dicitur,
1327 1077 1375 1117 et
1417 1077 1573 1118 menta
1608 1072 1769 1118 multis

174 1139 352 1199 profuit
395 1139 556 1185 eadem
601 1140 781 1185 ratione
826 1139 1018 1186 decocta
1065 1147 1111 1186 et
1148 1141 1290 1201 capiti
1324 1141 1492 1187 infusa.
1550 1140 1767 1188 Dolorem
1791 1153 1831 1183 10

175 1209 340 1269 capitis
386 1207 507 1254 levat
552 1207 814 1269 sfondylion
861 1215 907 1255 et
950 1211 1057 1269 agni
1103 1223 1262 1255 semen
1306 1216 1354 1256 et
1389 1209 1563 1270 platani
1599 1210 1769 1271 pilulae

176 1277 391 1324 similiter
435 1283 565 1324 aceto
610 1279 820 1324 incoctae
865 1292 1065 1339 rosaque
1111 1277 1287 1340 duplici
1322 1293 1540 1326 mensura
1578 1280 1770 1341 simplae

175 1348 296 1393 aceti
333 1349 603 1409 commixta,
647 1348 788 1393 sicuti
826 1354 873 1394 et
908 1347 1162 1409 polygonos
1208 1350 1427 1409 superius
1472 1349 1594 1396 dicta
1631 1349 1770 1397 debet

177 1418 395 1479 excoqui,
439 1417 487 1463 id
525 1423 597 1463 est
634 1431 687 1463 ea
725 1431 844 1477 quae
882 1419 1176 1478 sanguinaria
1215 1417 1401 1466 (licitur.
1461 1418 1576 1466 Cum
1615 1425 1770 1466 autem

174 1486 389 1548 plurimis
428 1486 593 1533 diebus
623 1488 847 1532 manserit
877 1486 1009 1532 dolor
1040 1488 1219 1549 capitis,
1255 1493 1356 1534 tum
1387 1490 1595 1534 omnium
1627 1503 1769 1550 supra
1792 1498 1832 1530 15

175 1556 407 1602 dictorum
453 1562 637 1617 oportet
681 1557 843 1602 uncias
895 1556 1099 1616 singulas
1145 1558 1268 1603 sumi
1310 1557 1478 1619 hisque
1522 1558 1771 1605 admisceri

173 1625 295 1672 lauri
330 1625 572 1686 bacarum,
616 1626 837 1687 castorei,
880 1639 1054 1672 nucum
1093 1640 1375 1690 amararum,
1419 1626 1569 1687 pulei,
1608 1627 1770 1675 sabuci

174 1694 393 1742 foliorum
445 1697 607 1742 uncias
660 1694 864 1755 singulas
910 1701 957 1742 et
1001 1697 1121 1742 aceti
1164 1698 1379 1743 sextariis
1424 1702 1646 1757 quattuor
1690 1698 1767 1744 de-

175 1779 379 1826 coquere
409 1764 466 1811 ad
497 1765 710 1811 dimidias
733 1771 780 1810 et
803 1764 965 1811 eodem
991 1765 1129 1811 modo
1153 1779 1258 1812 rosa
1281 1766 1482 1813 admixta
1505 1766 1768 1831 dupliciter,

176 1834 257 1881 sed
294 1849 387 1880 non
425 1841 520 1880 tam
557 1835 828 1896 frequenter
866 1840 1006 1895 caput
1043 1849 1222 1882 curare.
1280 1836 1348 1882 Ad
1387 1850 1572 1882 omnem
1603 1838 1768 1898 capitis
1790 1847 1831 1880 20

175 1903 384 1951 dolorem
435 1904 688 1951 efficaciter
738 1904 931 1965 prodest
980 1905 1269 1951 medicamen
1320 1905 1433 1952 tale:
1494 1905 1767 1967 Crocomag-

173 1975 312 2021 matis
343 1999 408 2006 —
440 1973 481 2036 Ι,
527 1973 743 2020 aluminis
788 1975 925 2020 scissi
968 1973 1040 2020 vel
1077 1974 1220 2036 gallae
1252 2000 1316 2008 ——
1348 1975 1388 2037 I,
1431 1975 1545 2021 haec
1583 1977 1674 2022 teri
1711 1990 1767 2022 ex

175 2045 273 2090 acri
310 2049 440 2090 aceto
479 2050 526 2089 et
562 2057 668 2090 rosa
706 2042 905 2103 duplicis
934 2044 1155 2104 ponderis
1185 2045 1390 2091 vicissim
1420 2044 1598 2091 adiecta
1628 2060 1766 2106 opor-

174 2119 265 2177 tet,
309 2127 459 2174 usque
504 2113 615 2159 dum
659 2112 810 2159 mellis
853 2112 1054 2160 habeant
1094 2114 1444 2175 spissitudinem
1481 2119 1620 2175 atque
1657 2115 1765 2162 inde

175 2183 377 2229 frontem
408 2189 455 2229 et
484 2184 721 2244 utrimque
752 2188 961 2243 tempora
993 2183 1215 2230 oblinere.
1262 2183 1331 2230 Ad
1355 2184 1519 2244 capitis
1543 2183 1765 2247 dolorem,
1789 2195 1828 2227 25

175 2267 282 2299 cum
318 2254 661 2315 inveteraverit,
698 2252 817 2298 bene
855 2252 965 2299 facit
1000 2252 1113 2299 haec
1148 2254 1427 2314 conpositio:
1464 2251 1644 2314 Myrrae
1670 2253 1765 2317 ΧΙ,

175 2323 301 2369 croci
332 2322 372 2368 Χ
402 2321 464 2386 ΙΙ,
508 2321 851 2383 amygdalarum
889 2320 929 2367 Χ
959 2321 1021 2384 11,
1065 2328 1198 2368 rutae
1243 2322 1405 2368 viridis
1444 2321 1483 2367 Χ
1513 2321 1595 2384 ΙΙΙ,
1641 2322 1762 2370 sfon-

175 2391 286 2452 dylii
309 2398 355 2438 et
377 2393 566 2453 panacis
590 2391 629 2438 Χ
653 2391 874 2454 singuIOS,
898 2390 1018 2437 lauri
1039 2390 1259 2438 bacarum
1283 2391 1322 2438 Χ
1338 2391 1413 2454 ΙΙΙ,
1438 2391 1632 2453 serpulli
1654 2391 1693 2438 Χ
1710 2391 1765 2456 ΙΙ,

286 2529 312 2565 4
344 2525 511 2567 duobus
533 2537 660 2567 rosae
684 2524 855 2579 cyathis
879 2537 955 2566 om.
1058 2538 1169 2579 pene
1194 2523 1516 2567 cummiseetur.
1634 2530 1657 2567 7
1687 2539 1766 2579 per

175 2593 220 2622 se
244 2593 322 2622 om.
398 2584 449 2621 10
479 2579 628 2634 tepide
657 2586 757 2623 ante
790 2579 934 2622 infusa
966 2581 1065 2623 add.
1098 2580 1350 2623 Carnarius.
1428 2585 1477 2621 11
1511 2579 1762 2623 sfondilion.

172 2636 351 2690 hyagni.
451 2640 519 2677 ⁴12
558 2650 660 2678 rosa
687 2649 863 2690 quoque
897 2635 1144 2679 Gornarius.
1247 2634 1418 2678 simbla.
1550 2641 1599 2677 13
1631 2637 1763 2679 dicto.

176 2694 228 2732 14
258 2703 497 2744 exquoque.
615 2696 665 2734 17
695 2692 898 2734 nuchum.
1015 2696 1067 2733 21
1093 2690 1417 2734 crocoacmatis.
1534 2696 1587 2733 27
1613 2704 1763 2746 amyg-

173 2745 374 2789 dalarum
402 2758 648 2788 amararum
679 2747 928 2790 Gornarius.
