1898 3016
79 219 132 257 22

78 359 131 397 23

77 499 130 536 24

78 707 131 745 25

79 917 130 955 26

76 1266 128 1303 27

77 1894 128 1930 28

81 2243 131 2279 29

763 84 1006 134 -116
1085 96 1193 119 -’

163 210 369 271 Linguae
407 210 565 257 ulcera
594 210 668 258 vel
703 211 897 272 pusulae
934 212 1054 258 bene
1091 213 1408 275 accipiuntur,
1447 214 1487 258 si
1523 213 1649 259 oleae
1686 213 1758 260 vel

161 280 350 326 oleastri
376 294 488 327 suco
519 281 738 328 foliorum
768 288 815 328 et
848 281 1039 342 sulpure
1063 282 1190 328 tritis
1213 281 1406 328 adsidue
1428 283 1758 343 perfricentur.

162 349 311 395 Rosae
343 349 430 396 ssos
466 350 637 414 luteus,
674 351 858 398 alumen
889 353 1103 413 scissum,
1141 350 1272 412 galla,
1307 353 1391 397 iris
1419 354 1522 413 pari
1550 352 1758 413 pondere

161 421 314 465 omnia
352 419 600 481 diligenter
636 427 857 467 teruntur
889 428 935 467 et
965 422 1060 467 oris
1091 435 1143 467 ac
1174 420 1358 482 linguae
1396 423 1505 468 vitia
1542 422 1758 483 frequen-

161 495 234 535 ter
267 503 322 536 eo
352 490 544 550 pulvere
574 491 904 551 perfricantur.
967 490 1244 552 Cyclaminis
1283 505 1425 537 sucus
1463 491 1588 537 melli
1618 491 1758 553 Lycio
1781 503 1801 535 5

160 559 417 619 aequaliter
461 562 635 606 mixtus
679 560 883 621 linguam
929 566 975 606 et
1018 562 1164 607 totius
1209 562 1304 606 oris
1341 560 1499 607 ulcera
1535 562 1760 621 potentis·

161 630 277 675 sime
316 635 468 690 sanat,
513 644 724 676 umorem
771 644 956 691 quoque
995 636 1042 676 et
1078 631 1294 691 pituitam
1331 630 1522 690 largiter
1558 630 1759 676 infusam

162 698 365 745 deducit.
438 698 637 746 Pusulae
676 714 782 746 cum
822 700 977 747 subito
1014 702 1062 746 in
1100 699 1258 761 lingua
1295 706 1567 762 nascuntur,
1607 702 1759 761 prius·

161 782 298 829 quam
322 768 447 814 idem
474 769 694 831 loquaris,
724 777 958 816 extremae
981 771 1166 817 tunicae
1191 784 1281 831 qua
1304 771 1491 816 vestiris
1515 784 1595 816 ora
1617 784 1759 830 pusu-
1853 827 1858 830 ⁵

159 837 250 884 lam
287 844 449 899 tanges
488 846 534 885 et
571 845 643 885 ter
681 839 831 886 dices:
883 839 997 886 Tam
1034 846 1272 886 extremus
1314 840 1375 886 sit
1413 841 1494 900 qui
1530 854 1604 886 me
1642 839 1759 886 male
1782 853 1824 882 10

162 909 383 970 nominat,
407 915 454 954 et
476 910 648 955 totiens
673 923 813 969 spues
838 909 893 956 ad
918 915 1105 971 terram,
1129 911 1286 955 statim
1314 909 1553 956 sanabere.
1600 908 1762 956 Solent

161 979 372 1039 gingivae
412 979 704 1038 quorundam
742 978 891 1025 fluore
929 979 1157 1041 infestari,
1194 993 1309 1040 quas
1345 985 1621 1040 praegnates
1661 980 1760 1040 qui-

162 1047 268 1093 dam
316 1054 507 1110 vocant3
558 1054 758 1108 prosunt
801 1049 874 1094 his
919 1049 1105 1111 lentisci
1149 1048 1258 1095 folia
1302 1048 1431 1095 arida
1475 1055 1670 1095 contusa
1715 1055 1762 1095 et

162 1116 366 1163 cribrata
403 1119 610 1164 tenuiter
646 1118 882 1178 perforato
922 1118 1102 1180 cribro,
1146 1118 1258 1164 facit
1302 1126 1349 1164 et
1393 1119 1511 1164 cinis
1553 1112 1762 1164 eiusdem

161 1186 346 1232 lentisci
384 1186 604 1233 foliorum
635 1193 909 1234 exustorum
945 1189 1177 1248 inpositus
1216 1193 1263 1234 et
1293 1202 1410 1248 aqua
1443 1188 1653 1234 eiusdem
1684 1188 1759 1234 de·
1784 1198 1824 1229 15

162 1257 284 1302 cocti
321 1271 373 1301 os
411 1256 590 1303 elutum
627 1258 827 1304 iuvatur.
895 1257 1199 1318 Conpositum
1242 1257 1332 1304 hoc
1368 1257 1762 1304 medicamentum

160 1326 353 1387 prodest
376 1327 576 1387 gingivis
600 1334 647 1373 et
670 1327 725 1372 ad
750 1329 907 1373 omnia
938 1327 1110 1388 ulcera,
1144 1341 1260 1387 quae
1291 1329 1340 1373 in
1371 1342 1452 1373 ore
1482 1328 1616 1390 fiunt,
1647 1326 1760 1374 utile

161 1402 245 1457 est,
284 1396 409 1456 quod
448 1396 642 1443 anthera
672 1411 694 1442 a
727 1396 917 1443 Graecis
951 1396 1232 1458 appellatur3
1270 1398 1439 1457 recipit
1475 1397 1610 1444 haec:
1649 1396 1760 1443 Alu-

161 1466 299 1511 minis
337 1466 437 1511 fissi
471 1465 511 1511 X
541 1465 624 1528 111,
662 1481 844 1528 myrrae
884 1466 924 1512 X
954 1466 1016 1528 ΙΙ,
1055 1468 1183 1513 croci
1220 1466 1259 1512 X
1289 1466 1350 1527 ΙΙ,
1394 1468 1568 1528 cyperi,
1605 1466 1651 1513 id
1690 1474 1762 1513 est

161 1536 310 1598 iunci,
355 1535 526 1582 radicis
565 1535 604 1581 X
641 1535 725 1597 ΙΙΙ,
771 1536 914 1597 gallae
952 1535 992 1582 X
1023 1535 1082 1598 ΙΙ,
1128 1550 1262 1582 rosae
1306 1536 1423 1582 lutei
1466 1535 1595 1582 floris
1634 1535 1758 1598 XII,
1784 1547 1823 1576 20

162 1604 441 1652 sandaracae
479 1605 700 1652 Ponticae
739 1605 778 1651 X
808 1605 884 1668 ΙΙΙ,
921 1607 1042 1653 turis
1079 1605 1274 1652 masculi
1304 1605 1343 1651 X
1374 1605 1427 1651 II.
1487 1605 1585 1652 Hoc
1616 1606 1757 1652 medi-

160 1676 340 1720 camine
378 1675 508 1721 arido
546 1677 617 1722 uti
653 1675 889 1736 oportebit
925 1675 997 1722 vel
1033 1677 1171 1722 etiam
1203 1690 1310 1722 cum
1346 1674 1482 1722 melle
1519 1677 1664 1722 mixto
1702 1676 1759 1722 ad

160 1744 397 1805 parulidas
434 1751 514 1791 aut
560 1744 789 1806 epulidas‚
834 1745 881 1791 id
927 1751 999 1792 est
1042 1744 1124 1791 uhi
1168 1760 1224 1791 ex
1262 1751 1529 1791 transverso
1577 1747 1760 1806 gingiva

162 1820 449 1874 suppuratur
497 1815 569 1861 vel
612 1814 695 1861 ubi
743 1829 886 1876 super
938 1821 1199 1861 extremum
1252 1814 1474 1861 molarem
1524 1816 1760 1862 increscit..

159 1883 352 1930 Moleste
397 1885 634 1931 interdum
679 1886 877 1946 gingivis
922 1891 969 1931 et
1013 1899 1181 1931 cancer
1228 1899 1315 1945 per
1360 1899 1411 1931 os
1461 1886 1627 1946 serpit,
1680 1887 1822 1946 qui25

161 1955 285 1999 inter
328 1955 461 2000 initia
506 1954 748 2015 neglectus
793 1955 925 2001 brevi
971 1956 1196 2016 temporis
1234 1956 1382 2015 spatio
1421 1956 1584 2000 mortis
1621 1969 1760 2001 eausa

161 2029 244 2069 est.
291 2022 488 2084 Oportet
519 2038 629 2084 ergo
655 2039 761 2071 cum
785 2026 990 2085 primum
1013 2026 1141 2070 visus
1164 2025 1321 2086 fuerit,
1351 2030 1599 2084 antequam
1621 2023 1759 2070 latius

162 2099 319 2153 serpat
342 2093 594 2154 faucesque
619 2100 831 2156 occupet,
853 2096 974 2156 misy
989 2100 1095 2140 usto
1120 2108 1256 2154 quam
1273 2093 1475 2154 plurimo
1493 2108 1600 2140 cum
1623 2093 1758 2140 melle

162 2163 232 2208 uti
270 2165 477 2226 saepiuS,
523 2164 604 2210 sed
649 2170 755 2210 ante
801 2164 966 2211 dentes
1012 2170 1058 2210 et
1095 2178 1147 2209 os
1185 2163 1324 2210 collui
1362 2162 1534 2209 debent
1571 2163 1759 2209 oleastri

164 2247 282 2293 aqua
313 2233 495 2280 decocti
525 2239 604 2280 aut
634 2235 824 2280 corticis
859 2233 968 2280 mali
998 2235 1190 2294 granati.
1243 2233 1441 2279 Prodest
1471 2240 1518 2278 et
1546 2233 1634 2279 hoc
1664 2247 1756 2279 me-
1781 2245 1822 2276 30

162 2302 477 2350 dicamentum
516 2305 655 2349 etiam
693 2305 742 2349 in
779 2306 907 2350 omni
942 2309 1074 2364 parte
1113 2304 1323 2363 corporis
1361 2303 1563 2362 positum
1596 2309 1758 2348 contra

163 2386 428 2434 cancerem,
475 2373 599 2433 quod
645 2379 835 2419 vocatur
879 2373 1162 2434 Andronios3
1210 2373 1379 2432 recipit
1423 2377 1579 2418 autem
1623 2372 1758 2419 haec:

163 2440 270 2487 Mali
299 2444 480 2503 granati
510 2444 700 2489 corticis
730 2442 770 2488 X
794 2442 850 2504 X,
887 2449 1040 2489 terrae
1075 2441 1183 2487 mali
1213 2440 1253 2486 X
1275 2440 1411 2502 Vllss,
1442 2441 1566 2487 aloes
1598 2441 1636 2487 X
1660 2441 1757 2503 1111,

162 2524 344 2571 myrrae
375 2511 493 2574 XII,
523 2512 667 2573 gallae
703 2512 742 2558 X
765 2511 857 2574 Vll,
896 2511 1112 2558 aluminis
1142 2511 1239 2556 fissi
1270 2510 1430 2572 XIIII,
1469 2513 1589 2557 aeris
1627 2511 1756 2557 floris

275 2621 300 2656 2
333 2615 525 2670 sulpore.
690 2622 714 2659 9
746 2631 892 2670 quam.
1059 2621 1110 2659 19
1148 2617 1320 2659 mirrae.
1485 2621 1539 2658 20
1572 2617 1753 2659 radices,

164 2675 215 2712 21
249 2671 516 2715 sandaricae.
604 2678 657 2715 22
682 2674 758 2729 ad]
783 2676 872 2715 aut.
961 2677 1012 2714 25
1039 2674 1083 2714 et
1105 2685 1183 2713 om.
1269 2685 1346 2725 per
1369 2685 1446 2714 om.
1533 2676 1586 2714 28
1610 2672 1751 2714 misui.

164 2731 215 2768 32
247 2727 426 2781 recepit.
543 2733 597 2770 34
626 2742 797 2783 myrrae
826 2728 930 2770 XII
958 2728 1105 2782 gallae
1134 2726 1175 2769 X
1199 2727 1279 2769 VII
1308 2741 1385 2771 om.
1499 2728 1592 2770 flos.
