1898 3016
826 95 1200 145 -1604

216 223 489 282 priusquam
520 221 772 268 dormitum
804 227 891 283 eat,
921 224 1141 268 tussienti
1169 223 1259 268 tria
1282 223 1508 283 catapotia
1532 222 1808 286 devoranda,

217 291 263 337 id
302 297 375 337 est
407 291 810 354 transgluttienda,
848 292 969 352 dato,
1008 306 1150 352 super
1181 306 1298 352 quae
1329 297 1427 338 tres
1457 306 1602 353 aquae
1634 291 1808 339 calidae

218 360 409 422 cyathos
445 361 673 422 potandos
711 361 902 423 adicit03
946 361 1034 407 hoc
1079 361 1286 407 remedio
1324 368 1554 408 nocturna
1589 363 1712 408 tussi
1747 361 1808 408 la-

132 440 186 478 28
218 430 461 477 borantem
491 433 584 477 cito
607 430 841 477 liberabis.
884 429 1143 477 Ventriculi
1165 430 1406 491 gallinacei
1428 430 1810 489 membranulam,

216 514 307 561 qua
353 500 517 547 sordes
563 499 813 561 aqualiculi
857 501 1177 562 continentur,
1222 501 1472 547 arefactam
1516 502 1656 547 terito
1709 500 1809 547 dili·
1831 515 1852 547 5

216 577 380 630 genter
418 575 466 616 et
503 584 609 616 cum
647 571 753 616 vino
790 571 924 630 potui
966 569 1095 631 dam,
1139 569 1343 616 umidam
1389 577 1567 616 tussem
1612 569 1809 617 sedabis.

132 653 183 690 29
356 639 554 686 Tussem
599 640 810 700 quamvis
853 654 1040 700 gravem
1085 641 1314 686 maiorum
1357 646 1471 686 natu
1515 641 1638 686 intra
1676 641 1808 700 quin-

219 723 308 769 que
347 709 460 769 dies,
497 709 799 770 parvulorum
838 710 978 755 etiam
1013 710 1136 756 intra
1172 709 1381 756 triduum
1417 715 1562 772 sanat,
1599 711 1681 770 qui
1718 708 1809 755 sul-

216 780 348 839 puris
385 779 508 841 triti,
550 785 777 839 quantum
820 778 972 825 tribus
1018 778 1175 839 digitis
1213 793 1379 839 capere
1416 785 1593 840 potest,
1636 780 1685 824 in
1724 793 1809 824 ovo

218 850 470 895 semicocto
503 848 667 894 sorbili
694 863 780 909 per
810 848 1019 894 triduum
1050 850 1207 894 ieiuno
1239 854 1319 894 aut
1352 862 1437 909 per
1469 850 1676 909 quinque
1709 848 1810 894 dies
1834 861 1874 891 10

133 930 187 967 30
218 917 412 964 dederit.
469 917 746 979 Hyoscyami
778 943 841 950 —-
866 917 899 979 Ι,
931 917 1137 978 sulpuris
1169 920 1469 980 semunciam,
1506 917 1626 964 fellis
1655 923 1810 964 terrae

221 1013 279 1020 -—-
308 987 342 1048 Ι,
371 989 549 1048 piperis
584 1014 642 1021 -
670 987 704 1050 Ι,
742 989 985 1047 gentianae
1016 987 1140 1049 -Ι,
1179 989 1274 1048 opii
1305 981 1366 1053 ᾃα
1391 987 1423 1048 Ι,
1453 987 1664 1034 marrubi
1690 1012 1749 1020 -
1776 987 1810 1048 1,

215 1055 367 1103 mellis
405 1057 670 1117 despumati
707 1062 931 1118 quantum
971 1057 1173 1103 sufficiat
1210 1071 1351 1117 supra
1389 1058 1525 1103 dictis
1564 1056 1811 1118 speciebus

215 1128 340 1172 tritis
385 1126 698 1187 cribratisque
746 1126 965 1173 miscebis
1010 1141 1062 1172 ac
1106 1126 1270 1173 leviter
1318 1126 1574 1188 decoques3
1618 1125 1726 1172 inde
1772 1127 1813 1171 si

217 1197 322 1256 quis
366 1197 487 1241 tussi
531 1197 734 1256 graviter
779 1195 1146 1258 conflictabitur,
1197 1195 1433 1257 pastillum
1478 1195 1534 1241 ad
1582 1197 1811 1256 magnitu-
1835 1208 1874 1240 15

217 1265 373 1311 dinem
403 1265 534 1311 fabae
564 1267 752 1311 ieiunus
782 1279 917 1311 mane
947 1265 1132 1311 hauriat
1168 1272 1213 1312 et
1250 1266 1299 1310 in
1329 1270 1515 1311 noctem
1546 1279 1653 1311 cum
1683 1264 1812 1311 calda

217 1349 336 1395 aqua
381 1334 521 1381 alium
565 1334 802 1396 pastillum
849 1334 996 1397 bibat3
1043 1334 1219 1381 bonum
1259 1334 1391 1381 valde
1428 1340 1476 1380 et
1512 1334 1627 1381 utile
1664 1349 1811 1380 reme-

216 1404 343 1451 dium
383 1406 665 1465 experietur.

132 1484 184 1522 31
358 1473 525 1520 Scillae
562 1474 758 1521 bulbum
795 1488 943 1520 unum
980 1479 1230 1534 purgatum
1269 1472 1422 1519 tribus
1459 1473 1722 1519 fervoribus
1762 1474 1812 1519 in

217 1558 336 1604 aqua
373 1543 609 1605 decoques
655 1550 701 1590 et
745 1558 800 1589 ex
846 1557 900 1589 eo
947 1543 1069 1604 quod
1115 1544 1258 1589 fuerit
1296 1543 1603 1590 tenerrimum
1641 1556 1811 1605 sumes,
1835 1556 1875 1586 20

217 1613 262 1658 id
301 1619 373 1659 est
414 1638 473 1646 —
521 1612 626 1675 1111,
670 1614 860 1673 panacis
906 1619 952 1659 et
995 1614 1079 1659 iris
1121 1612 1329 1673 Illyricae
1375 1610 1501 1672 drag,
1546 1618 1810 1674 quaternas,

217 1684 493 1729 ammoniaci
527 1708 585 1715 —
612 1683 668 1728 ΙΙ.
720 1682 845 1729 Haec
884 1684 1036 1728 omnia
1068 1682 1314 1742 diligenter
1345 1687 1484 1744 teres,
1523 1682 1602 1728 sed
1635 1681 1810 1728 scillam

218 1766 432 1798 seorsum
469 1751 763 1815 confricabis,
794 1758 894 1798 tum
925 1753 1076 1799 omnia
1109 1751 1368 1798 confundes
1399 1758 1445 1797 et
1467 1751 1617 1798 mellis
1647 1753 1812 1812 optimi

217 1821 479 1882 despumati
516 1822 573 1868 ad
611 1821 922 1882 colligendum
960 1823 1008 1867 in
1046 1835 1192 1867 unum
1230 1821 1518 1867 medicamen
1557 1820 1680 1882 quod
1716 1821 1809 1867 suf-

216 1891 342 1938 ficiat
379 1893 538 1938 mittes
574 1898 713 1952 atque
750 1892 859 1937 inde
896 1891 1125 1937 laboranti
1162 1905 1246 1952 per
1283 1890 1492 1937 cocleare
1529 1889 1601 1936 his
1632 1890 1703 1936 vel
1732 1897 1805 1936 ter
1829 1902 1869 1933 25

217 1960 383 2007 diebus
422 1961 617 2021 singulis
654 1961 807 2022 dabis3
844 1963 967 2007 intra
1004 1961 1104 2006 dies
1143 1966 1322 2021 septem
1360 1962 1499 2007 etiam
1538 1962 1811 2020 sanguinem

217 2036 514 2076 excreantem
552 2036 599 2076 et
636 2037 844 2077 vetustae
874 2032 1019 2077 tussis
1057 2030 1267 2076 molestia
1304 2029 1545 2091 liberabis,
1583 2029 1694 2076 dum
1731 2035 1812 2075 aut

217 2100 438 2146 deorsum
474 2106 704 2160 purgatur
741 2106 821 2146 aut
858 2114 942 2161 per
979 2101 1205 2146 vomitum
1249 2101 1443 2160 pituitae
1480 2101 1679 2145 interius
1717 2099 1809 2145 col-

133 2179 186 2216 32
217 2169 364 2215 lectae
407 2184 544 2216 umor
588 2170 856 2216 effunditur.
922 2169 1050 2216 Folia
1086 2169 1219 2230 ulmi,
1260 2183 1376 2229 quae
1414 2170 1642 2215 orientem
1681 2183 1809 2229 spec-

216 2245 330 2300 tant,
368 2253 476 2285 cum
512 2240 688 2300 piperis
725 2241 882 2300 granis
919 2239 1127 2300 totidem,
1165 2238 1246 2285 sed
1276 2239 1442 2299 impari
1472 2252 1668 2284 numero
1701 2239 1809 2284 trita
1833 2250 1873 2280 30

218 2315 264 2354 et
295 2323 402 2355 cum
432 2308 628 2355 Falerno
660 2311 765 2355 vino
797 2324 820 2355 a
851 2310 1007 2355 ieiuno
1040 2314 1220 2368 sumpta
1247 2309 1383 2353 etiam
1406 2307 1681 2368 purulentas
1712 2313 1809 2353 tus-

132 2388 185 2425 33
218 2392 292 2423 ses
316 2385 534 2439 potenter
558 2379 818 2425 emendant.
868 2377 985 2425 Salis
1016 2383 1239 2439 quantum
1269 2378 1391 2423 intra
1426 2376 1623 2437 palmam
1647 2383 1809 2422 tenere

216 2453 371 2508 potest
402 2449 483 2509 qui
513 2450 682 2494 tussiet
709 2450 757 2494 in
788 2450 1025 2509 potionem
1057 2460 1271 2493 cervesae
1305 2453 1384 2492 aut
1408 2448 1558 2492 curmi
1582 2448 1734 2492 mittat
1763 2452 1810 2492 et

217 2517 418 2563 calidum
449 2517 588 2580 bibat,
620 2533 726 2564 cum
758 2519 1011 2564 dormitum
1040 2517 1178 2578 vadit,
1208 2530 1360 2576 neque
1386 2524 1546 2577 postea
1577 2516 1807 2577 loquatur,

328 2683 354 2718 4
384 2679 606 2721 liberauis.
702 2684 752 2721 17
785 2679 916 2734 aqua]
950 2691 1093 2731 quam.
1187 2683 1239 2719 27
1271 2677 1494 2719 liberauis.
1582 2682 1635 2718 33
1671 2676 1807 2718 cerui-

217 2746 291 2775 sae
325 2733 573 2777 Oornarius.
682 2739 735 2776 34
765 2735 981 2787 loquetur.
