1898 3016
757 142 822 150 -
895 112 995 163 231
1070 140 1140 147 ·—

155 246 229 294 vel
278 243 473 291 totidem
521 241 695 288 calidae
747 255 922 304 aquae,
978 242 1017 286 si
1069 239 1407 286 febriculentus
1460 240 1579 301 erit,
1631 238 1752 285 adsi-

157 316 246 363 due
283 314 432 361 datus,

295 383 364 430 Ad
394 383 564 430 iecoris
595 381 802 428 dolorem
832 381 959 442 potio
991 378 1193 426 salubris
1217 379 1464 425 conficitur
1489 379 1576 426 sic:
1615 377 1749 438 Pipe-

155 456 222 501 ris
263 479 322 487 —
355 453 389 516 Ι,
427 453 658 514 eupatorii
699 476 757 484 —
791 449 825 513 I,
863 451 981 497 costi
1025 475 1084 484 ——
1117 448 1195 511 ΙΙΙ,
1232 448 1398 495 hacani
1435 474 1501 481 —
1532 447 1588 511 ΙΙ,
1626 448 1751 494 faeni

113 537 134 569 5
157 525 313 584 graeci
347 549 404 556 —-
439 522 459 568 I
491 521 534 568 S.
585 521 748 568 Omnia
786 520 900 567 haec
937 521 1048 566 trita
1085 525 1132 566 et
1161 524 1289 566 creta
1319 517 1526 565 servabis
1565 523 1612 564 et
1642 531 1749 564 cum

155 608 270 640 usus
301 593 521 654 exegerit,
552 590 682 637 dabis
712 592 761 636 in
791 591 887 636 vini
916 590 1105 651 potione
1130 587 1339 635 cocleare
1363 587 1552 649 plenum
1575 588 1748 650 ieiuno,

153 665 218 710 ita
248 668 301 710 ut
330 665 379 709 in
409 662 573 708 dextro
603 660 747 707 latere
779 665 912 706 tenso
945 658 1135 705 brachio
1166 660 1328 720 iaceat,
1363 672 1470 704 cum
1500 658 1747 718 acceperit.

293 731 658 792 Epithematium
696 730 752 775 ad
789 730 922 775 iecur
960 728 1218 775 sanandum
1252 729 1340 774 sic:
1379 727 1547 774 Guttae
1577 740 1748 772 ammo-

154 803 274 848 niaci
310 801 358 847 P.
389 801 451 862 II,
489 813 624 846 cerae
662 798 955 860 tantundem,
998 797 1089 844 olei
1125 799 1250 844 rosei
1287 796 1582 859 tantundem,
1621 797 1750 842 croci

91 886 222 916 10—
257 870 289 918 I.
357 870 495 917 Gutta
539 870 825 916 ammoniaca
869 882 977 914 cum
1021 867 1143 913 bono
1188 872 1319 913 aceto
1364 868 1554 929 teritur,
1600 866 1750 912 donec

153 940 272 987 bene
302 942 411 987 trita
443 941 504 986 sit
534 945 581 985 et
609 938 840 1000 glutinosa
874 938 974 999 fiat3
1012 951 1217 999 crocum,
1249 938 1289 982 si
1319 937 1497 982 siccum
1528 941 1612 996 est,
1643 941 1749 982 tun-

154 1025 258 1057 sum
306 1016 353 1056 et
398 1009 655 1056 cribratum
698 1014 854 1069 guttae
907 1008 1183 1053 ammoniaci
1234 1006 1518 1053 admiscetur
1571 1010 1617 1051 et
1669 1005 1750 1051 diu

154 1082 344 1142 teritur3
377 1081 417 1125 si
446 1078 656 1125 umidum
688 1085 773 1139 est,
802 1079 852 1123 in
883 1082 1013 1123 aceto
1044 1076 1353 1123 madefactum
1383 1077 1589 1136 primum
1620 1088 1750 1135 sepa-

153 1151 304 1212 ratim,
341 1148 509 1195 deinde
548 1162 654 1194 cum
692 1153 822 1208 gutta
863 1147 1149 1193 ammoniaca
1187 1147 1377 1208 teritur3
1416 1144 1587 1206 quibus
1624 1145 1750 1190 tritis

90 1231 130 1263 15
154 1224 365 1266 cerotum
409 1218 465 1263 de
512 1231 647 1263 roseo
693 1217 793 1263 oleo
839 1223 886 1262 et
930 1230 1037 1262 cera
1072 1215 1247 1262 Punica
1291 1215 1464 1261 factum
1502 1214 1750 1275 refrigera-

152 1295 250 1335 tum
274 1288 558 1334 admiscetur
581 1294 626 1334 et
649 1294 743 1333 tam
764 1286 844 1332 diu
868 1287 1038 1332 teritur
1064 1285 1133 1331 vel
1158 1284 1405 1346 subigitur,
1429 1284 1578 1330 donec
1602 1297 1749 1330 unum

151 1372 323 1418 corpus
368 1359 467 1420 fiat,
511 1362 564 1403 ut
607 1355 831 1417 magdalia
867 1356 975 1401 inde
1014 1354 1297 1416 formentur,
1343 1368 1462 1415 quae
1509 1353 1749 1400 stomacho

150 1427 396 1488 phoenicio
433 1426 623 1473 inducta
659 1428 972 1487 imponantur.

788 1577 912 1625 CAP.
949 1575 1113 1622 XX111.

204 1668 290 1710 Ad
331 1666 485 1710 lienis
529 1666 640 1709 sive
685 1665 886 1719 splenis
929 1664 1059 1707 vitia
1103 1663 1279 1707 omnia
1324 1665 1378 1706 et
1421 1662 1696 1705 molestias

148 1737 424 1780 universas
461 1735 698 1779 remedia
733 1733 1069 1778 rationabilia
1102 1735 1156 1776 et
1184 1733 1407 1786 physica
1438 1733 1651 1776 diversa
1681 1733 1749 1775 de

754 1803 1144 1858 experimentis.

292 1913 361 1959 Ad
397 1913 599 1959 lienosos
637 1912 757 1958 bene
794 1912 905 1958 facit
941 1912 1153 1957 tamarici
1189 1910 1325 1970 longe
1361 1924 1386 1955 a
1416 1910 1534 1955 mari
1564 1908 1749 1956 collecti

88 1997 128 2027 20
153 1983 345 2030 arefacti
398 1988 444 2028 et
497 1983 683 2028 contusi
732 1981 939 2042 pulveris
987 1980 1207 2026 denarius
1260 1993 1382 2025 unus
1434 1984 1514 2025 aut
1563 1979 1748 2039 pondus

151 2053 383 2100 victoriati
427 2051 585 2098 datum
629 2065 683 2097 ex
729 2065 849 2111 aqua
892 2051 1062 2096 ieiunis
1106 2049 1178 2095 vel
1222 2063 1278 2094 ex
1322 2062 1475 2110 posca.
1549 2047 1748 2096 Prodest

150 2123 342 2169 lienosis
393 2121 520 2167 inula
572 2121 700 2167 arida
745 2119 976 2181 Campana
1027 2124 1223 2165 contusa
1275 2124 1321 2164 et
1373 2117 1576 2164 cribrata
1620 2133 1748 2164 men-

152 2207 260 2239 sura
299 2191 478 2238 denarii
514 2192 654 2237 unius
697 2204 752 2236 ex
789 2191 885 2236 vini
922 2190 1093 2235 veteris
1132 2189 1264 2234 mixti
1308 2188 1486 2249 cyathis
1525 2193 1748 2248 quattuor

151 2263 321 2308 ieiunis
358 2261 474 2307 data.

90 2343 130 2375 25
291 2330 423 2377 Potio
455 2330 510 2376 ad
540 2329 744 2375 lienosos
775 2330 862 2375 sic:
893 2327 1064 2388 Balani,
1097 2341 1188 2387 quo
1212 2327 1511 2387 unguentarii
1534 2331 1746 2389 utuntur,

154 2401 368 2447 denarios
407 2399 538 2461 duos,
577 2400 789 2460 capparis
828 2397 999 2444 radicis
1037 2395 1077 2442 X
1107 2396 1140 2458 1,
1177 2395 1378 2442 hederae
1415 2397 1576 2456 nigrae
1615 2395 1748 2442 baca·

154 2484 259 2516 rum
289 2470 506 2516 denarios
537 2469 667 2531 duos,
698 2467 1015 2529 periclymeni,
1050 2480 1188 2526 quam
1219 2465 1358 2512 silvae
1389 2472 1586 2512 matrem
1617 2479 1749 2511 voca-

154 2553 273 2602 mus,
303 2538 343 2585 X
367 2538 413 2601 S,
444 2538 625 2600 galbani
656 2538 836 2584 denarii
861 2536 904 2597 S,
937 2535 1140 2582 cardami
1170 2537 1306 2599 nigri,
1335 2534 1383 2581 id
1407 2541 1479 2581 est
1510 2536 1748 2598 nasturcii,

295 2649 322 2685 4
351 2644 528 2700 bacani]
567 2644 620 2696 cf.
660 2644 786 2687 Alex.
821 2643 955 2685 Trall.
995 2643 1057 2685 ed.
1093 2642 1372 2684 Puschmann
1409 2642 1490 2683 vol.
1514 2640 1556 2681 ΙΙ
1579 2655 1626 2694 p.
1653 2645 1748 2683 394.

155 2701 365 2799 gelzzbmcvie
400 2713 445 2742 re
480 2701 584 2743 med.
614 2699 675 2753 ΙΙ,
710 2705 758 2742 17
799 2700 876 2752 (ed.
908 2699 1009 2740 Ald.
1037 2711 1086 2751 p.
1110 2700 1247 2751 179²).
1421 2702 1474 2739 25
1512 2697 1619 2751 quo]
1662 2710 1750 2748 qua

1778 387 1832 426 43

1778 737 1835 774 44
