1898 3016
779 91 1123 141 -69-

156 227 253 268 tum
298 234 407 266 sane
454 219 616 266 eodem
655 219 755 266 loco
793 221 840 266 in
880 234 970 281 quo
1009 221 1190 281 ceperis
1229 219 1455 282 dimittes,
1499 219 1571 266 vel
1608 221 1747 266 etiam

156 291 194 336 si
232 291 500 350 sanguinem
544 290 600 336 de
639 289 785 336 oculis
823 291 923 336 eius
961 289 1062 336 lana
1102 289 1271 336 munda
1310 291 1512 351 excipias
1552 303 1748 350 eamque

155 359 398 421 phoenicio
430 358 674 407 convolvas
706 359 917 421 colloque
948 360 1218 422 suspendas,
1250 360 1397 406 uteris
1425 359 1747 406 efficacissimo

154 429 398 476 adversum
437 429 679 476 oculorum
717 429 922 476 dolorem
962 429 1180 475 remedio.
1241 428 1406 475 Cancri
1444 428 1608 475 oculus
1639 428 1744 475 sub-
1778 438 1829 474 51

112 498 298 546 5tiliter
351 498 559 545 sublatus
613 505 658 545 et
709 501 757 545 in
809 499 1054 560 phoenicio
1100 498 1358 560 conligatus
1411 498 1623 559 colloque
1673 513 1746 545 su-

156 583 354 631 spensus
386 568 651 630 lippitudini
682 570 923 629 incipienti
955 568 1182 631 medetur,
1220 571 1258 615 si
1296 575 1451 615 tamen
1489 567 1747 614 remedium

155 654 178 685 a
217 646 343 686 casto
381 638 568 684 homine
606 638 697 684 fiat.
763 638 828 684 De
867 653 1005 684 manu
1044 640 1232 685 sinistra
1270 653 1476 685 muscam
1517 639 1671 699 capies
1702 644 1748 684 et
1779 645 1830 683 52

154 708 264 755 dum
296 709 450 769 capies
481 708 636 754 dicere
669 707 860 754 debebis
882 722 1051 754 nomen
1075 710 1189 771 eius,
1220 710 1296 754 cui
1319 708 1579 754 remedium
1603 707 1746 754 factu-

154 793 236 825 rus
273 793 336 840 es,
375 784 419 824 te
450 777 505 824 ad
537 778 768 824 curandos
799 777 958 824 oculos
990 779 1091 824 eius
1121 792 1330 823 muscam
1359 778 1612 839 prendere3
1650 784 1748 823 tum

92 863 132 894 ιο
155 850 300 894 vivam
354 861 452 893 eam
501 846 664 908 ligabis
709 849 756 893 in
801 847 944 893 linteo
994 853 1040 893 et
1084 847 1342 908 suspendes
1387 846 1504 893 collo
1549 846 1749 893 dolentis

154 932 240 964 nec
271 924 398 963 retro
430 917 668 978 respicies.
717 917 782 963 Ad
816 916 1064 978 epiphoras
1095 916 1338 963 oculorum
1366 916 1592 962 sedandas
1623 915 1749 962 lima·
1781 925 1832 962 53

155 1002 232 1034 ces
278 986 527 1047 conplures
572 993 672 1033 tere
718 987 766 1032 in
810 987 1033 1033 mortario
1078 1000 1196 1032 novo
1243 985 1314 1032 vel
1351 986 1498 1033 nitido
1538 993 1582 1033 et
1620 985 1749 1031 adice

153 1056 218 1103 ibi
256 1071 391 1102 ovum
423 1056 724 1116 gallinaceum
763 1058 1000 1103 incoctum
1038 1063 1084 1102 et
1122 1057 1280 1117 tingue
1318 1055 1412 1102 illic
1448 1055 1598 1101 lanam
1631 1057 1750 1102 suci-

156 1127 258 1173 dam
297 1133 343 1172 et
380 1126 522 1172 fronti
558 1128 743 1187 inpone.
804 1126 871 1172 Ad
911 1125 1157 1187 epiphoras
1196 1125 1437 1172 oculorum
1474 1125 1651 1186 pultem
1690 1125 1750 1171 fa·
1781 1133 1835 1171 54

95 1210 135 1242 15
158 1195 336 1242 baciam
374 1197 472 1242 sine
512 1195 626 1258 sale,
673 1197 771 1242 sine
809 1195 902 1242 ullo
941 1203 1104 1257 uncto,
1141 1195 1343 1256 tepidam
1382 1195 1569 1241 linteolo
1607 1194 1750 1241 inline

161 1273 206 1312 et
250 1265 399 1311 oculis
444 1265 499 1311 de
545 1273 681 1311 nocte
725 1267 917 1327 inpone,
962 1267 1023 1311 ita
1067 1272 1119 1312 ut
1163 1279 1256 1311 non
1303 1264 1483 1327 alliges,
1529 1266 1750 1311 continuo

159 1335 313 1381 servor
349 1335 538 1381 recedit.
595 1334 654 1381 Ut
685 1337 872 1381 omnino
904 1349 995 1381 non
1026 1334 1205 1397 lippias,
1237 1349 1343 1381 cum
1375 1334 1554 1381 stellam
1586 1334 1751 1381 cadere
1783 1341 1834 1380 55

159 1404 231 1451 vel
261 1411 583 1451 transcurrere
614 1405 798 1467 videris,
828 1419 1022 1451 numera
1054 1411 1099 1451 et
1127 1404 1342 1451 celeriter
1365 1419 1573 1466 numera,
1605 1404 1752 1451 donec

161 1489 208 1520 se
244 1474 432 1536 condat3
470 1480 538 1520 tot
569 1476 691 1521 enim
736 1476 882 1537 annis,
921 1480 1034 1535 quot
1072 1476 1405 1537 numeraveris,
1442 1488 1534 1520 non
1572 1474 1751 1536 lippies.

95 1559 135 1588 20
158 1543 224 1590 Ad
264 1542 589 1605 lippitudinem
626 1546 749 1590 inter
786 1545 1015 1604 principia
1047 1543 1293 1590 sedandam
1333 1545 1382 1589 in
1419 1543 1624 1590 chartam
1664 1545 1752 1590 vir·
1783 1551 1836 1590 56

156 1615 310 1674 ginem
341 1612 491 1659 scribe
524 1615 694 1675 ουβαικ
726 1620 771 1660 et
801 1613 921 1676 licio,
954 1613 1077 1675 quod
1108 1614 1156 1659 in
1195 1613 1284 1660 tela
1319 1613 1475 1676 fuerit,
1514 1612 1630 1659 collo
1668 1612 1751 1674 lip-

155 1684 326 1744 pientis
364 1684 564 1729 innecte.
632 1683 863 1744 Incipiens
901 1682 1130 1745 lippitudo
1167 1684 1362 1730 mirifice
1403 1690 1449 1729 et
1487 1684 1586 1729 sine
1626 1682 1757 1729 dubi·
1781 1690 1832 1729 57

156 1753 330 1798 tatione
388 1752 666 1813 depelletur,
718 1754 757 1798 si
801 1754 848 1798 in
894 1753 1053 1799 charta
1099 1754 1276 1813 virgine
1323 1752 1500 1799 scribas
1546 1760 1591 1799 et
1636 1751 1753 1799 collo

160 1820 358 1867 dolentis
402 1821 507 1868 licio
554 1822 830 1882 suspendas:
882 1840 1161 1884 φυρφαραν,
1217 1829 1263 1868 et
1306 1822 1394 1868 hoc
1439 1821 1755 1883 praeligamen

95 1905 135 1936 25
159 1905 306 1951 purus
352 1897 506 1937 castus
553 1891 705 1938 facias.
778 1891 876 1937 Hoc
919 1893 1055 1938 etiam
1095 1891 1352 1938 remedium
1392 1891 1649 1939 indubitate
1686 1893 1754 1937 in·
1786 1900 1838 1938 58

158 1967 295 2021 petus
321 1959 576 2022 oculorum,
602 1963 642 2007 si
662 1963 945 2023 praevenias,
970 1961 1249 2023 prohibebit,
1274 1963 1499 2022 scriptum
1524 1963 1572 2007 in
1597 1961 1755 2008 charta

161 2031 358 2090 virgine:
397 2032 568 2092 ρουβρς
603 2048 848 2091 ρνοπειρας
885 2027 1036 2091 ἠέλιος
1072 2026 1124 2087 ὃς
1160 2026 1289 2077 πάντ’
1324 2030 1471 2097 ἐφορᾷ
1509 2030 1586 2078 καὶ
1623 2027 1751 2078 πάντ’

159 2097 399 2159 ἐπακούει,
444 2100 564 2160 quod
613 2100 667 2146 ad
714 2099 883 2146 collum
930 2099 1129 2147 dolentis
1174 2099 1280 2147 licio
1328 2101 1551 2161 suspendi
1596 2100 1755 2163 debet3

160 2168 240 2215 sed
287 2176 333 2215 et
381 2176 591 2230 coeptam
638 2178 775 2231 atque
814 2171 1116 2217 inveteratam
1155 2169 1479 2230 lippitudinem
1520 2171 1670 2232 sedat,
1717 2172 1756 2216 si

97 2251 136 2282 30
159 2240 205 2284 in
267 2238 476 2285 faciendo
536 2254 587 2285 ac
648 2239 944 2300 suscipiendo
996 2239 1325 2300 praeligamine
1378 2242 1646 2286 castimonia
1700 2239 1755 2286 ab

159 2313 358 2369 utroque
405 2315 630 2355 servetur.
703 2308 755 2355 In
808 2309 985 2356 lamella
1041 2323 1180 2355 aurea
1226 2323 1311 2356 acu
1357 2320 1526 2370 cuprea
1578 2309 1756 2356 scribes
1787 2318 1838 2356 59

160 2395 283 2438 ορυω
329 2379 518 2440 ουρωδη
566 2386 611 2424 et
657 2378 787 2425 dabis
832 2379 904 2425 vel
949 2378 1208 2439 suspendes
1253 2393 1308 2424 ex
1351 2379 1457 2425 licio
1511 2379 1627 2425 collo
1680 2394 1754 2440 ge-

162 2447 374 2494 standum
414 2447 723 2509 praeligamen
763 2450 805 2494 ei
844 2451 922 2509 qui
961 2449 1138 2511 lippiet,
1178 2449 1299 2510 quod
1338 2454 1555 2509 potenter
1592 2454 1638 2495 et
1676 2449 1757 2496 diu

161 2515 342 2578 valebit,
373 2518 413 2563 si
443 2517 683 2564 observata
715 2520 925 2565 castitate
958 2519 1031 2565 die
1057 2518 1193 2564 lunae
1225 2517 1336 2564 illud
1363 2518 1502 2565 facias
1526 2524 1572 2565 et
1594 2533 1754 2580 ponas.

272 2628 299 2664 4
328 2624 580 2666 remedium.
696 2628 720 2665 5
753 2638 999 2679 suspensos.
1111 2630 1131 2666 7
1164 2625 1368 2667 mulcam.
1487 2631 1534 2667 11
1568 2625 1752 2667 limices.

162 2682 214 2719 20
245 2678 522 2732 lipitudinem
667 2680 845 2734 charta„
863 2682 935 2723 sed
964 2681 1191 2735 virginem.
1339 2685 1391 2723 24
1424 2681 1749 2735 praelegamen.

164 2737 216 2774 25
248 2736 380 2776 casto.
496 2740 546 2777 27
581 2735 733 2789 Odyss.
764 2735 837 2790 XI,
872 2741 962 2780 109.
