1930 3008
771 98 1148 148 ——341—

164 227 460 288 temptaverit
495 225 569 272 vel
605 227 695 272 iam
734 227 1046 289 occupaverit,
1083 225 1320 273 Andronei
1356 227 1529 288 pastilli
1567 230 1667 275 triti
1701 243 1757 275 ex

163 297 269 344 vino
306 297 514 357 impositi
550 295 668 342 bene
707 295 895 342 faciunt.

303 365 451 412 Omne
490 365 624 412 ulcus
661 367 710 412 in
747 367 874 411 omni
910 371 1041 427 parte
1079 367 1291 426 corporis
1330 366 1592 431 sordidum,
1632 368 1754 430 quod
1787 380 1812 416 3

6 478 10 487 ,,
164 442 264 483 tum
301 435 497 496 intelligi
533 440 710 497 potest,
755 449 861 482 cum
900 435 1114 482 candicat
1151 441 1198 482 et
1236 438 1368 496 quasi
1409 443 1615 484 crustam
1652 452 1756 499 per-

5 502 10 515 “’
121 523 142 555 5
166 505 353 552 ductam
390 504 539 552 albam
570 504 724 568 habet,
759 512 928 566 purgat
957 504 1050 551 mel
1078 519 1163 566 per
1194 519 1243 552 se
1274 505 1540 567 adpositum
1571 507 1642 553 vel
1672 509 1757 554 iris

5 566 8 572 ’
63 576 68 582 “
163 574 292 621 arida
322 580 516 622 contusa
549 573 637 634 [et]
671 589 777 622 cum
810 574 968 637 melle;
998 575 1159 622 eadem
1188 577 1368 622 ratione
1402 583 1449 623 et
1472 583 1624 623 terrae
1649 577 1758 624 mali

164 651 210 691 et
259 646 447 705 panacis
497 644 629 691 radix
680 644 888 705 adposita
942 652 1110 706 purgat
1159 645 1346 692 sordida
1391 645 1548 692 ulcera
1594 646 1665 692 vel
1708 649 1756 693 in

163 714 380 760 verendis
417 713 490 760 vel
527 727 714 774 quoquo
751 714 840 760 loci
879 714 1068 762 suerint.

302 782 495 830 Mirifice
539 782 628 829 hoc
666 783 1057 831 medicamentum
1101 791 1270 846 purgat
1313 785 1470 832 ulcera
1509 785 1756 848 quaelibet,
1786 795 1813 833 4

102 871 142 902 10
166 854 302 900 etiam
349 855 388 898 si
434 867 602 899 cancer
646 855 962 915 temptaverit3
1011 859 1083 900 est
1131 861 1285 900 autem
1331 854 1456 911 lene,
1506 856 1756 902 conficitur

164 924 252 970 sic:
289 922 632 983 Auripigmenti
670 922 709 968 X
738 921 809 984 VI,
847 924 968 969 aeris
1007 937 1225 984 squamae
1256 923 1296 969 X
1326 923 1402 985 ΙΙΙ,
1442 923 1622 971 elaterii
1655 924 1692 970 X
1722 924 1756 986 I,

164 992 349 1039 chartae
388 991 658 1039 combustae
696 994 867 1039 cineris
906 992 944 1038 X
975 992 1051 1039 ΙΙΙ.
1110 992 1180 1038 Ex
1217 993 1291 1039 his
1330 995 1453 1040 tritis
1492 1008 1598 1041 cum
1637 1009 1756 1055 opus

164 1068 236 1109 est
288 1061 515 1108 coclearia
562 1063 650 1108 tria
697 1076 829 1108 rosae
877 1062 1042 1123 cyatho
1086 1065 1431 1124 permiscentur
1476 1070 1523 1110 et
1567 1063 1756 1110 linteola

164 1137 324 1192 carpta
374 1133 423 1177 in
474 1145 528 1177 eo
574 1133 820 1192 tinguntur
864 1138 1003 1193 atque
1048 1134 1112 1178 ita
1156 1132 1304 1179 ulceri
1350 1139 1757 1196 superponuntur3

102 1219 142 1250 15
164 1201 253 1247 hoc
285 1201 673 1248 medicamentum
704 1202 796 1248 cito
828 1209 874 1248 et
903 1203 1004 1248 sine
1035 1201 1128 1248 ullo
1160 1216 1322 1248 morsu
1353 1211 1580 1264 expurgat
1611 1203 1757 1250 sordi-

166 1271 355 1317 dissima
394 1270 550 1317 ulcera
588 1285 640 1317 ac
679 1277 822 1317 sanat.

305 1339 538 1403 Testibus,
570 1341 651 1402 qui
681 1340 1023 1403 descenderint,
1055 1355 1267 1403 spumam
1291 1341 1554 1389 coclearum
1577 1342 1757 1390 inlitam
1787 1352 1812 1390 5

165 1409 343 1456 mederi
380 1416 562 1456 certum
600 1415 685 1472 est,
723 1412 762 1456 si
799 1410 907 1457 inde
945 1416 1208 1471 tangantur,
1642 1466 1645 1469 ,

305 1478 533 1526 Venerem
578 1481 814 1526 concitant
858 1494 1072 1541 passeres
1118 1482 1167 1527 in
1206 1480 1309 1527 cibo
1349 1483 1522 1542 sumpti
1567 1481 1637 1528 vel
1675 1496 1758 1528 ova
1789 1493 1813 1530 6

101 1566 143 1597 20
167 1563 350 1611 eorum3
379 1550 490 1595 item
522 1549 803 1610 gallinaceus
834 1551 967 1596 testis
998 1550 1161 1596 dexter
1190 1552 1237 1596 in
1272 1552 1466 1597 arietina
1497 1550 1617 1612 pelle
1640 1551 1757 1598 collo

166 1618 423 1679 subligatus
463 1620 579 1665 mire
616 1619 828 1681 prodest3
866 1621 977 1666 item
1015 1619 1242 1666 stellionis
1274 1622 1392 1666 cinis
1422 1622 1472 1667 in
1501 1621 1645 1668 linteo
1677 1621 1757 1667 ob-

164 1688 350 1735 volutus
395 1690 584 1734 sinistra
626 1703 767 1735 manu
812 1695 1024 1750 portatus
1070 1704 1288 1736 venerem
1333 1690 1560 1752 stimulat,
1608 1697 1758 1738 trans-

164 1757 285 1804 latus
330 1757 522 1804 inhibet.
596 1757 686 1812 Qui
729 1760 778 1804 in
822 1773 1039 1805 venerem
1083 1759 1314 1805 infirmior
1357 1761 1467 1822 erit,
1512 1760 1757 1807 testiculos
1789 1770 1812 1807 7

165 1827 366 1873 milionis
405 1842 460 1873 ex
497 1842 615 1888 aqua
658 1827 863 1890 fontana,
910 1843 1027 1889 quae
1072 1831 1293 1889 perennis
1339 1835 1430 1892 est,
1477 1844 1584 1876 cum
1622 1830 1756 1876 melle

102 1912 142 1944 25
166 1897 384 1943 decoctos
429 1896 534 1942 edat
577 1898 763 1943 ieiunus
808 1912 892 1958 per
936 1898 1167 1961 triduum3
1213 1899 1368 1945 statim
1407 1899 1790 1947 remediabitur.'

304 1965 365 2012 Ut
400 1967 448 2011 in
485 1980 717 2029 venerem,
756 1981 860 2013 cum
900 1967 1117 2030 volueris,
1156 1969 1219 2014 sis
1258 1975 1462 2031 paratuS,
1499 1969 1757 2016 remedium
1789 1979 1814 2017 8

165 2035 255 2082 tale
279 2035 442 2082 facies:
472 2035 656 2082 Lacerti
679 2037 970 2098 appellantur
995 2039 1090 2084 sive
1116 2037 1366 2100 stelliones,
1399 2039 1479 2099 qui
1502 2053 1587 2099 per
1609 2041 1759 2100 parie-

166 2110 261 2151 tem
298 2111 490 2168 repunt,
537 2107 660 2152 curti
697 2112 806 2152 sunt
845 2109 1017 2167 quique
1054 2106 1228 2154 Graece
1266 2107 1555 2154 ascalabotae
1594 2123 1758 2155 vocan-

167 2180 265 2237 tur3
311 2174 361 2220 hi
406 2180 628 2236 quattuor
672 2176 987 2222 infunduntur
1031 2178 1078 2222 in
1126 2182 1310 2223 acetum
1349 2192 1454 2224 acre
1493 2177 1649 2224 triduo
1687 2178 1760 2224 vel

101 2260 142 2291 30
166 2244 446 2305 quadriduo,
491 2259 737 2306 quousque
783 2252 1075 2308 putrescant3
1127 2246 1216 2292 hoc
1267 2253 1391 2293 teres
1436 2248 1484 2293 in
1536 2250 1757 2294 mortario

165 2319 212 2360 et
242 2314 465 2374 adiunges
497 2314 680 2375 galbani
704 2309 765 2381 ,9-
790 2314 867 2377 IX,
898 2315 1109 2362 abrotani
1134 2310 1195 2382 ῼα
1221 2314 1318 2378 XII,
1349 2318 1550 2363 castorei
1575 2311 1636 2383 2⁴
1660 2316 1759 2379 XII,

166 2383 404 2444 sulphuris
441 2385 533 2430 vivi
572 2378 633 2450 „91
666 2383 764 2446 XII,
801 2386 982 2431 resinae
1021 2385 1362 2432 terebinthinae
1403 2380 1464 2452 7⁰*
1495 2385 1592 2448 XII,
1631 2389 1759 2433 croci

167 2447 228 2519 31
252 2452 348 2514 XII,
380 2455 573 2516 euzomi,
604 2469 721 2515 quae
750 2454 1008 2516 appellatur
1030 2454 1174 2501 herba
1198 2457 1440 2518 mentiosa,
1471 2457 1574 2502 suci
1598 2450 1659 2522 „9⁶
1684 2455 1756 2519 VI,

307 2576 331 2614 5
370 2575 534 2626 purgat
569 2573 642 2615 vel
678 2588 757 2627 per
794 2587 839 2616 se
877 2574 953 2616 iris
992 2574 1117 2616 arida
1156 2576 1339 2617 contusa
1376 2575 1449 2617 vel
1488 2589 1586 2617 cum
1626 2576 1758 2618 melle

166 2626 360 2670 Scribon.
475 2633 500 2670 6
531 2631 576 2670 et
603 2630 776 2672 inclusi.
879 2635 930 2672 17
962 2630 1188 2686 Testibus]
1220 2632 1274 2682 cf.
1298 2631 1416 2673 Ptin.
1440 2645 1484 2673 sn.
1507 2633 1546 2672 h.
1573 2635 1638 2684 32,
1666 2635 1757 2674 108.

168 2687 219 2725 19
251 2682 486 2738 Venerem]
517 2685 572 2736 cf.
595 2686 713 2728 Ptin.
739 2699 781 2729 n.
806 2686 844 2728 h.
871 2691 946 2738 30,
973 2690 1064 2728 141.
1210 2688 1434 2729 concitant
1470 2687 1612 2730 Ptin„-
1656 2699 1759 2728 con-

167 2738 321 2780 ciliant
352 2738 603 2783 Cornarius.
716 2746 766 2782 21
802 2742 1020 2784 stellionis
1051 2741 1181 2797 cinis]
1213 2743 1268 2795 cf.
1296 2743 1415 2785 Ptin.
1439 2756 1481 2785 -n,
1507 2743 1545 2784 h.
1573 2748 1638 2795 30,
1666 2747 1758 2785 143.
