1898 3016
715 109 1060 159 ...37-

98 255 203 289 cum
248 239 383 287 melle
429 241 573 286 mixto
619 241 668 285 in
711 237 875 285 balneo
923 237 1042 284 lava:
1094 238 1250 283 statim
1296 235 1497 284 cessabit
1541 236 1686 283 dolor.

98 310 238 358 Intibi
282 311 467 356 contusi
511 323 676 356 sucum
722 307 823 355 oleo
867 321 1057 354 rosaceo
1104 313 1151 353 et
1194 312 1324 353 aceto
1369 308 1466 353 acri
1506 306 1686 368 aequali
1716 315 1770 353 92

98 394 315 428 mensura
352 380 548 425 mixtum
587 380 726 440 capiti
762 376 1015 424 laborantis
1052 376 1260 422 infunde.
1334 375 1602 437 Serpullum
1640 377 1689 422 in
1720 385 1773 423 93

99 455 229 497 aceto
274 449 521 495 decoctum
566 448 711 495 fronti
756 446 1008 494 laborantis
1053 445 1246 492 infunde
1291 445 1363 492 vel
1403 445 1694 506 temporibus

58 520 308 580 5inponito
347 524 394 564 et
431 519 470 564 si
509 532 702 564 somnus
743 516 946 564 difficilis
978 522 1068 579 est,
1105 515 1207 562 oleo
1237 514 1525 577 amygdalino
1556 521 1696 576 caput

99 603 320 651 perunge.
379 586 520 634 Betae
550 589 709 648 nigrae
741 601 882 633 sucus
914 585 1202 647 temporibus
1235 584 1435 631 dolentis
1459 586 1691 647 inpositus
1724 594 1782 632 94

102 660 269 705 mirum
315 657 573 704 remedium
619 662 702 703 est.
775 655 945 702 Rutam
989 655 1185 701 viridem
1222 655 1379 701 tritam
1417 669 1522 701 cum
1561 661 1694 701 aceto
1726 662 1781 701 95

101 729 328 775 acerrimo
367 733 414 773 et
451 726 551 773 oleo
587 740 778 773 rosaceo
810 725 992 786 aequali
1021 738 1241 771 mensura
1272 730 1370 771 toto
1402 726 1542 785 capiti
1572 723 1698 771 labo-

100 799 247 844 rantis
292 796 499 843 infunde.
557 795 698 842 Lauri
736 795 874 842 bacas
910 793 1088 857 XXXV,
1133 795 1311 855 piperis
1349 807 1490 854 grana
1529 792 1696 839 XXXV
1725 802 1779 841 96

40 881 80 912 10
102 874 202 914 tere
240 874 287 914 et
324 868 457 913 tritas
495 880 602 913 cum
640 866 714 912 ovi
750 864 852 911 albo
891 863 1174 925 temperabis
1219 869 1267 910 et
1303 863 1447 910 fronti
1485 865 1698 924 inpones.

104 937 217 984 Ossa
257 937 313 983 de
344 937 541 998 persicis
577 937 715 982 etiam
747 934 984 981 dur·.:inis
1015 933 1202 994 franges
1233 938 1280 980 et
1309 932 1503 979 nucleos
1533 946 1696 979 eorum
1726 941 1779 980 97

103 1006 293 1067 colliges
331 1014 376 1053 et
414 1004 611 1052 siccabis
648 1006 697 1052 in
734 1003 902 1052 umbra
935 1010 987 1062 ¹et
1023 1017 1130 1050 cum
1167 1017 1362 1050 necesse
1392 1003 1550 1064 fuerit,
1588 1016 1696 1049 cum

103 1078 178 1123 ovi
215 1075 317 1123 albo
355 1074 636 1137 temperabis
673 1080 721 1121 et
750 1074 893 1121 fronti
923 1074 1277 1135 superinponeS.
1339 1071 1488 1133 Caput
1518 1073 1559 1118 si
1589 1073 1694 1134 quis
1724 1080 1760 1118 91

105 1148 172 1193 sic
210 1145 434 1208 doluerit,
477 1151 531 1192 ut
565 1144 771 1191 medium
808 1143 921 1190 findi
956 1142 1191 1206 videatur,
1235 1141 1436 1189 hederae
1474 1147 1698 1189 contusae

43 1226 82 1260 15
108 1230 273 1263 sucum
310 1229 395 1277 per
431 1214 674 1261 linteolum
711 1213 958 1260 delicatum
994 1212 1222 1259 mundum
1260 1213 1487 1274 exprimat
1520 1217 1568 1258 et
1597 1210 1698 1257 oleo

107 1288 244 1332 etiam
282 1299 473 1332 rosaceo
512 1284 764 1331 admisceat
800 1289 848 1330 et
884 1285 950 1329 sic
981 1282 1182 1329 frontem
1214 1288 1260 1328 et
1289 1287 1498 1343 tempora
1528 1294 1699 1342 perun-

107 1363 183 1417 gat
213 1361 260 1401 et
291 1354 486 1402 cerebro
518 1360 565 1400 et
593 1352 785 1400 naribus
814 1352 923 1399 inde
947 1358 994 1399 et
1018 1350 1241 1399 auriculis
1263 1351 1489 1398 infundat.
1551 1350 1699 1411 Caput
1729 1359 1782 1397 99

108 1427 148 1472 si
186 1439 240 1471 ex
271 1425 443 1486 frigore
476 1423 691 1486 doluerit,
720 1429 1012 1484 unguentum
1043 1423 1218 1468 irinum
1248 1436 1355 1468 cum
1385 1420 1487 1467 oleo
1517 1419 1700 1467 laurino

106 1496 251 1542 misce
289 1501 336 1540 et
373 1493 647 1540 calefactum
685 1491 880 1540 cerebro
915 1491 1202 1552 superfunde
1241 1497 1288 1538 et
1324 1492 1520 1552 insuper
1549 1490 1700 1537 lanam

43 1574 85 1604 20
108 1570 296 1611 unctam
340 1565 464 1610 circa
509 1570 649 1624 caput
692 1576 826 1623 pone.
902 1560 952 1607 Si
989 1562 1067 1608 cui
1102 1560 1227 1607 nulla
1267 1560 1324 1607 de
1362 1574 1502 1608 causa
1539 1558 1786 1607 subitoloo

108 1639 247 1694 caput
285 1639 331 1679 et
367 1639 577 1694 tempora
616 1631 872 1694 doluerint,
916 1645 1072 1693 myrra
1110 1645 1166 1677 ex
1203 1631 1310 1676 vino
1348 1631 1554 1677 crassius
1592 1630 1703 1676 trita

108 1710 318 1764 tempora
363 1702 559 1765 oblinat,
603 1702 676 1749 vel
720 1700 871 1748 fabam
916 1701 1087 1747 fresam
1131 1702 1179 1746 in
1226 1714 1345 1762 aqua
1381 1701 1514 1761 prius
1554 1713 1703 1746 mace-

109 1780 275 1836 ratam,
316 1779 477 1833 postea
514 1774 563 1818 in
599 1773 706 1818 vino
737 1771 976 1818 decoctam
1006 1772 1164 1817 tritam
1202 1769 1321 1816 bene
1360 1769 1525 1815 inlinat
1562 1769 1706 1815 fronti

109 1843 182 1889 vel
219 1842 356 1889 bacas
393 1841 513 1888 lauri
549 1843 701 1903 inpari
738 1854 934 1887 numero
972 1846 1183 1886 conterat
1224 1841 1376 1902 prius,
1422 1838 1589 1885 deinde
1628 1837 1704 1884 ad-

47 1920 87 1952 25
111 1914 255 1959 mixto
301 1911 400 1958 oleo
447 1911 715 1971 diligentius
760 1916 881 1956 terat
932 1910 987 1956 ad
1033 1911 1182 1955 instar
1227 1908 1407 1970 collyrii
1452 1914 1498 1955 et
1543 1913 1705 1969 postea

108 1984 157 2028 in
188 1982 318 2028 fictili
356 1980 594 2028 calefaciat
631 1995 780 2042 eoque
820 1987 959 2041 caput
994 1979 1231 2039 perfricet.
1290 1978 1511 2038 Purgatio
1543 1985 1787 2024 autemlol

110 2053 289 2113 capitis,
327 2065 386 2097 ne
425 2065 565 2112 supra
604 2052 776 2112 scripta
815 2055 1079 2111 nascantur,
1117 2048 1363 2095 utilissima
1394 2047 1546 2094 fertur
1576 2047 1705 2109 haec,

111 2123 150 2168 si
186 2121 349 2183 hysopi
387 2127 467 2167 aut
504 2121 682 2180 origani
719 2118 1066 2166 summitatibus
1105 2120 1319 2164 contritis
1358 2123 1404 2164 et
1442 2132 1498 2164 ex
1527 2116 1706 2163 mulsae

112 2205 258 2252 aquae
297 2190 444 2252 cotyla
482 2190 672 2236 dimidia
710 2190 856 2236 coctis
894 2202 945 2235 os
983 2187 1175 2234 adsidue
1217 2187 1464 2234 conlueris.
1525 2186 1790 2248 Capitis102

51 2261 271 2308 aoulcera
325 2262 416 2308 cito
464 2267 707 2323 sanantur,
760 2261 799 2305 si
846 2272 958 2305 suco
1004 2258 1061 2304 de
1107 2257 1240 2303 betae
1284 2257 1440 2303 radice
1485 2270 1706 2318 expresso

114 2337 252 2393 caput
289 2332 338 2376 in
375 2330 539 2376 balneo
577 2330 871 2391 perfricetur.
940 2327 988 2374 Si
1027 2329 1103 2374 cui
1140 2329 1188 2373 in
1226 2328 1377 2389 capite
1414 2325 1582 2373 tubera
1618 2335 1788 2374 na-1o3

114 2407 330 2463 scuntur,
384 2402 597 2460 cupressi
648 2399 786 2446 bacas
835 2397 1007 2444 virides
1059 2398 1107 2443 in
1159 2398 1265 2443 vino
1311 2396 1528 2443 decoctas
1573 2396 1707 2443 tritas

116 2470 359 2517 tuberibus
397 2471 610 2532 adponat,
646 2471 708 2516 ita
746 2476 799 2515 ut
835 2482 919 2529 per
957 2467 1057 2514 dies
1096 2468 1302 2527 quinque
1339 2467 1388 2512 in
1426 2467 1575 2528 capite
1611 2464 1706 2511 alli-

115 2546 271 2601 gatum
303 2546 349 2586 et
379 2541 612 2600 signatum
641 2538 929 2585 medicamen
959 2542 1161 2599 maneat3
1201 2541 1307 2597 post
1338 2535 1460 2582 diem
1492 2537 1708 2597 quintum

53 2622 93 2654 35
117 2609 261 2656 solvat
298 2624 350 2656 ac
380 2617 575 2656 renovet
612 2615 658 2656 et
695 2608 797 2671 hoc,
837 2610 876 2654 si
913 2621 1104 2654 necesse
1136 2606 1290 2668 fuerit,
1328 2611 1400 2652 ter
1430 2611 1510 2652 aut
1541 2610 1708 2667 quater

232 2706 252 2742 1
286 2702 486 2743 cessauit.
606 2705 658 2742 10
688 2701 760 2743 ovi
790 2700 967 2754 scripsi:
998 2712 1092 2742 ovo.
1206 2701 1259 2739 14
1287 2697 1497 2752 hederae]
1530 2697 1707 2739 habere.

118 2762 168 2799 15
198 2757 349 2800 linteo.
463 2761 516 2799 20
548 2757 677 2799 circu.
793 2760 845 2797 28
876 2755 1044 2797 mulsae
1074 2754 1234 2809 aquae]
1266 2754 1510 2806 mulsaque.
