1930 3008
770 65 1150 116 —281—

165 193 300 241 melle
338 194 490 240 Attico
521 199 601 240 aut
631 207 738 240 cum
770 194 873 239 vino
905 198 1091 239 austero
1123 192 1342 239 candenti
1372 191 1496 238 ferro
1532 190 1755 238 calefacto

165 263 418 311 bibendum
456 263 740 325 dysinterico
778 261 930 325 dabis3
966 263 1085 308 mire
1122 261 1346 322 proderit.

307 332 455 379 Ovum
501 333 877 379 recentissimum
921 333 1102 392 aperies
1140 338 1187 378 et
1222 332 1271 377 in
1309 330 1500 377 calicem
1537 330 1755 378 vacuabis

167 416 220 450 ac
265 408 430 449 testam
475 404 576 449 eius
619 401 835 463 implebis
878 400 1013 448 melle
1052 402 1225 462 optimo
1263 400 1536 461 despumato
1574 415 1757 447 necnon

124 488 144 520 5
168 471 268 519 oleo
313 471 451 518 viridi
494 471 616 518 bono
662 477 708 517 et
751 472 800 517 in
843 472 998 532 ipsum
1035 470 1225 517 calicem
1263 469 1490 516 defundes
1528 485 1580 517 ac
1619 469 1758 517 simul

169 542 323 588 omnia
359 540 664 602 permiscebis
698 546 745 587 et
775 540 854 587 diu
885 539 1079 601 agitabis
1110 554 1162 586 ac
1192 546 1354 600 postea
1383 541 1431 585 in
1462 540 1609 586 calida
1639 554 1758 601 aqua

168 612 322 672 ipsum
359 610 550 657 calicem
589 610 840 670 tepefacies
879 616 925 656 et
962 611 1029 656 sic
1060 609 1191 656 dabis
1222 609 1519 673 dysinterico,
1557 611 1635 657 cui
1664 623 1758 656 me-

169 680 371 727 dendum
409 681 519 741 erit3
555 680 671 725 mire
708 678 932 739 proderit.

308 748 402 794 Ros
433 749 664 794 marinum
697 749 793 794 sive
823 747 938 794 rhus
969 747 1208 810 orientale,
1247 747 1371 808 quod
1403 753 1474 794 est
1511 750 1757 810 minutum,

106 835 146 866 10
168 817 366 879 robium‚
405 817 555 863 simile
592 816 854 879 lenticulae,
892 823 1115 878 quantum
1155 817 1306 863 tribus
1337 816 1495 877 digitis
1525 818 1758 878 prendere

166 888 392 949 potueriS‚
428 888 586 933 mittes
623 888 671 933 in
710 888 982 932 mortarium
1013 892 1060 933 et
1090 892 1215 932 teres
1246 901 1352 932 cum
1384 887 1490 932 vino
1522 893 1568 933 et
1597 893 1759 948 postea

166 959 216 1004 in
260 956 384 1003 aliud
430 956 667 1003 vasculum
710 957 868 1002 mittes
914 955 1107 1002 calidam
1145 961 1284 1017 atque
1322 955 1387 1002 ibi
1424 957 1675 1016 tepefacies
1713 963 1760 1003 et

168 1028 236 1074 sic
274 1025 405 1072 dabis
443 1026 726 1087 dysinterico
764 1025 1039 1088 bibendum,
1085 1027 1239 1072 statim
1283 1025 1638 1088 remediabitur3
1677 1026 1758 1073 sed

168 1110 254 1157 per
288 1095 496 1142 triduum
535 1096 808 1141 continuum
844 1094 933 1141 hoc
964 1095 1221 1141 remedium
1253 1102 1299 1141 et
1328 1101 1504 1157 postea,
1542 1097 1760 1157 quotiens

104 1181 145 1212 15
168 1166 311 1213 fuerit
347 1166 678 1227 necessarium,
715 1163 859 1210 dabis.

307 1233 488 1281 Vitrum
526 1240 651 1280 teres
688 1233 935 1294 diligenter
969 1240 1016 1280 et
1054 1232 1272 1280 criblabis
1302 1241 1349 1280 et
1379 1235 1585 1280 masticis
1619 1248 1759 1294 grana

167 1310 293 1351 teres
331 1310 468 1364 atque
507 1305 668 1364 aequis
706 1305 940 1349 mensuris
977 1302 1280 1364 permiscebis
1312 1309 1359 1350 et
1389 1318 1444 1349 ex
1474 1303 1547 1350 his
1579 1303 1761 1365 singula

168 1374 395 1421 coclearia
432 1373 713 1434 dysinterico
759 1374 807 1418 in
850 1374 957 1418 vino
1002 1378 1135 1419 cocto
1174 1387 1259 1433 per
1295 1373 1501 1419 triduum
1541 1373 1611 1419 vel
1649 1388 1760 1434 quo-

167 1445 290 1490 tiens
327 1456 445 1504 opu's
482 1442 625 1489 fuerit
661 1441 812 1504 dabis,
850 1441 1095 1488 miraberis
1132 1442 1391 1488 remedium
1429 1444 1761 1503 experimentis

107 1528 147 1558 20
169 1512 432 1574 probatum.

308 1581 378 1628 Ad
430 1580 732 1642 dysinteriam
783 1580 1043 1627 remedium
1096 1581 1426 1627 efficassimum
1472 1583 1561 1629 sic:
1613 1581 1760 1628 Rosae

170 1651 403 1698 silvaticae
441 1650 577 1696 bacas
615 1649 858 1711 oblongas,
895 1649 1194 1712 rubicundas,
1231 1657 1451 1713 maturaS‚
1488 1653 1641 1712 inpari
1676 1666 1760 1698 nu-

170 1735 299 1767 mero
325 1719 396 1766 vel
419 1719 498 1765 VII
521 1719 591 1765 vel
614 1718 738 1764 VIIII
761 1718 831 1764 vel
856 1718 919 1764 XI
949 1721 1083 1765 tritas
1111 1719 1357 1780 diligenter
1381 1720 1511 1766 dabis
1534 1720 1770 1767 laboranti

171 1791 453 1851 dysinterico
492 1789 548 1834 ad
585 1790 789 1848 potionis
827 1788 1015 1835 modum
1053 1803 1159 1835 cum
1197 1789 1332 1835 melle
1369 1790 1522 1836 Attico
1565 1792 1762 1851 styptico

109 1873 149 1904 25
174 1859 244 1905 vel
273 1860 381 1905 vino
412 1863 584 1919 vetere,
622 1859 661 1903 si
690 1871 784 1903 non
815 1857 1112 1918 febricitabit‚
1150 1858 1222 1904 vel
1254 1873 1360 1905 cum
1391 1873 1524 1919 aqua,
1556 1861 1596 1906 si
1626 1859 1763 1906 febri-

172 1927 355 1991 citabit,
400 1933 446 1973 et
492 1928 533 1973 si
576 1941 770 1973 necesse
815 1927 979 1989 fuerit,
1023 1942 1107 1988 per
1145 1928 1355 1974 triduum
1396 1928 1548 1991 dabis3
1592 1931 1761 1975 mirum

172 1998 429 2058 experieris
466 1996 740 2042 remedium.

311 2066 381 2112 Ad
419 2065 728 2126 dysintericos
765 2067 934 2112 mirum
974 2066 1255 2127 remedium,
1300 2067 1424 2127 quod
1469 2076 1679 2113 ventrem
1718 2073 1764 2114 et

171 2143 341 2197 purgat
378 2143 426 2182 et
462 2136 672 2196 stringit,
712 2136 799 2181 sic:
838 2134 980 2196 Gypsi
1018 2137 1257 2196 peregrini
1292 2137 1393 2182 triti
1429 2162 1498 2169 --
1528 2136 1561 2198 l,
1601 2151 1763 2197 specu·

109 2220 151 2251 30
173 2205 284 2252 laris
322 2204 539 2251 conbusti
575 2206 677 2250 triti
710 2230 769 2236 —
797 2204 830 2265 l,
868 2204 925 2250 de
962 2206 1097 2250 testis
1135 2211 1396 2251 ostrearum
1428 2205 1763 2252 conbustarum

174 2301 239 2308 -
271 2274 304 2322 1.
355 2274 479 2321 Haec
510 2275 664 2320 omnia
693 2279 997 2334 posteaquam
1027 2275 1135 2320 trita
1167 2275 1342 2320 fuerint
1373 2280 1419 2320 et
1448 2276 1604 2336 mixta,
1635 2275 1765 2321 tollet

174 2344 296 2407 inde,
329 2345 409 2405 qui
439 2343 567 2389 dabit
596 2343 870 2405 remedium,
901 2343 1052 2389 tribus
1084 2343 1241 2404 digitis
1271 2343 1508 2404 prioribus
1540 2358 1646 2390 cum
1669 2343 1765 2406 pol-

174 2413 262 2459 lice
312 2418 536 2474 quantum
581 2413 723 2459 semel
768 2427 934 2473 capere
979 2414 1206 2476 potuerit,
1255 2419 1301 2459 et
1344 2414 1393 2459 in
1437 2415 1626 2474 potione
1671 2415 1766 2459 vini

319 2536 341 2572 1
392 2532 524 2574 melle
574 2531 725 2575 Attico
777 2533 960 2585 scripsi:
1015 2532 1212 2574 mettieo.
1441 2537 1463 2574 7
1514 2533 1765 2587 dysinteria.

177 2593 202 2630 9
248 2588 460 2629 orientale
502 2589 678 2641 scripsi:
723 2588 996 2631 orientalem.
1171 2593 1221 2629 12
1266 2588 1459 2630 vasculo.
1597 2592 1648 2631 18
1696 2601 1766 2630 co-

177 2645 300 2740 eiattz..
392 2647 443 2684 19
475 2643 619 2698 dabis]
651 2643 839 2686 dabitur.
938 2649 991 2686 24
1023 2643 1154 2685 melle
1186 2643 1334 2686 Attico
1364 2645 1541 2697 scripsi:
1569 2643 1766 2687 mettico.

176 2712 196 2740 s
220 2713 265 2753 1p
288 2711 370 2741 100.

1786 338 1839 376 39

1787 754 1842 792 40

1790 1238 1842 1276 41

1791 1585 1845 1622 42

1793 2070 1846 2107 43
