1898 3016
808 91 1109 140 ..8,-

161 217 300 264 della:
340 216 552 264 Feniculi
589 223 635 263 et
671 219 764 279 apii
799 217 980 265 radices
1019 220 1125 265 vino
1164 218 1349 265 condito
1387 221 1533 266 veteri
1567 227 1614 267 et
1643 220 1750 268 odo-

159 293 260 334 rato
306 289 493 350 inicies,
539 293 586 333 et
630 301 738 334 cum
776 301 825 334 se
863 288 977 335 haec
1016 288 1207 335 confusa
1244 292 1601 354 maceraverint,
1645 305 1752 337 cum

161 358 258 403 vini
303 356 482 418 cyathis
520 356 703 404 duobus
741 358 1015 404 tantundem
1053 357 1272 404 miscebis
1310 373 1455 420 aquae
1494 359 1668 407 calidae
1706 367 1752 407 et

158 428 317 473 ieiuno
355 428 489 487 potui
527 426 670 473 dabis.
730 427 979 474 Praeterea
1017 427 1186 474 radicis
1224 430 1435 489 asparagi
1473 444 1614 476 sucus
1646 444 1752 476 cum

158 498 265 542 vino
296 497 470 543 mixtus
502 498 674 557 optime
707 498 922 559 sumitur,
953 497 1035 544 sed
1061 503 1107 544 et
1130 499 1296 544 ciceris
1323 497 1428 560 albi,
1451 514 1544 545 non
1568 501 1753 546 arietini
1797 510 1816 541 5

161 565 343 613 decocti
375 580 516 613 sucus
547 567 789 627 accipitur.
848 566 917 613 Ex
948 567 1034 613 hac
1063 567 1339 630 valetudine,
1370 570 1462 615 nisi
1483 571 1531 614 in
1562 569 1752 615 exordio

159 637 340 683 curatio
378 635 584 682 adhibita
619 637 775 698 fuerit,
812 651 898 698 per
927 638 1090 683 urinae
1123 637 1441 684 difficultatem
1473 644 1518 684 et
1548 638 1753 700 hydrops

159 707 371 752 nascitur
410 711 456 752 et
494 705 626 752 dolor
663 707 834 752 iecoris
872 712 919 752 et
955 708 1065 753 vitia
1102 721 1267 754 renum
1306 713 1353 754 et
1383 710 1646 768 stranguria
1678 723 1753 754 ve-

159 777 296 839 sicae,
326 781 538 821 ventrem
570 775 890 822 molestissimi
913 775 1097 823 dolores
1120 776 1366 824 vexabunt.
1414 777 1538 824 Haec
1563 783 1674 824 sunt
1697 778 1752 824 de

157 845 522 906 praenoscendis
560 846 1008 907 praeveniendisque
1046 846 1317 893 morborum
1355 849 1521 893 causis.
1587 847 1754 894 Addidi
1777 859 1817 887 10

159 916 320 978 etiam,
366 914 537 976 quibus
583 921 630 961 et
675 922 904 976 quatenus
948 931 1034 976 per
1078 918 1186 962 anni
1231 916 1459 963 circulum
1504 931 1589 977 pro
1635 924 1753 963 tem-

156 998 326 1046 porum
358 985 678 1032 vicissitudine
714 985 971 1032 observatis
1001 985 1297 1033 incolumitas
1329 986 1632 1032 custodiatur.
1685 986 1753 1032 Ab

157 1053 311 1100 hieme
356 1055 502 1116 igitur
547 1054 781 1102 salubrius
828 1055 909 1101 fiet
953 1055 1209 1102 exordium.
1275 1053 1345 1102 Ex
1393 1056 1466 1102 die
1511 1055 1612 1101 VIII
1655 1055 1752 1103 Kal.

157 1123 337 1171 Ianuar.
398 1124 675 1185 corporibus
735 1139 871 1171 umor
926 1125 1157 1172 adcrescit
1214 1139 1364 1186 usque
1416 1126 1538 1171 veris
1598 1127 1753 1186 aequi-

158 1195 389 1256 noctium,
428 1194 552 1254 quod
590 1195 755 1255 incipit
792 1193 892 1239 VIII
922 1194 1019 1240 Kal.
1051 1194 1195 1256 April.
1258 1193 1357 1241 Hoc
1395 1209 1506 1255 ergo
1544 1200 1754 1256 tempore
1778 1202 1818 1234 15

158 1263 387 1310 utendum
425 1263 720 1310 calidissimis
758 1263 876 1310 cibis
910 1271 956 1311 et
987 1265 1189 1326 optimis,
1226 1265 1331 1310 vino
1363 1263 1656 1325 aliquatenus
1686 1266 1753 1310 in-

159 1332 461 1396 dulgendum,
499 1347 614 1380 usus
653 1334 791 1380 etiam
828 1334 1047 1380 venerius
1083 1335 1274 1380 minime
1311 1334 1617 1394 respuendus.
1686 1333 1755 1380 Ex

158 1404 454 1464 aequinoctio
507 1404 671 1465 incipit
722 1402 938 1464 phlegma
983 1418 1225 1465 crescere,
1276 1403 1324 1450 id
1377 1409 1448 1450 est
1507 1410 1756 1450 concretus

159 1487 294 1519 umor
339 1478 386 1519 et
431 1473 652 1535 frigidus,
693 1487 842 1533 usque
887 1475 936 1519 in
981 1479 1134 1520 ortum
1175 1472 1430 1535 pleiadum,
1474 1475 1555 1534 qui
1591 1475 1756 1534 incipit

156 1542 308 1603 pridie
344 1542 451 1588 idus
489 1541 644 1589 Maias.
703 1542 826 1603 Ergo
864 1548 964 1589 tum
1003 1542 1214 1589 adhiberi
1249 1544 1465 1589 convenit
1494 1542 1614 1589 bene
1646 1543 1753 1589 odo-
1777 1550 1817 1581 20

156 1618 297 1674 ratos,
323 1612 404 1658 sed
430 1618 476 1658 et
499 1626 631 1658 acres
655 1611 799 1658 cibos.
846 1611 1026 1659 Exhinc
1057 1614 1245 1673 sanguis
1276 1612 1514 1659 ardentior
1544 1611 1754 1659 febribus

158 1688 404 1743 augmenta
442 1681 710 1743 suppeditat
746 1696 833 1728 1166
870 1683 1026 1729 minus
1075 1696 1211 1728 umor
1241 1681 1479 1728 obbibitur
1516 1696 1667 1743 usque
1698 1683 1753 1729 ad

157 1753 320 1798 aestivi
365 1753 591 1812 temporis
637 1753 1071 1814 commutationem,
1119 1766 1236 1812 quae
1283 1751 1339 1798 ab
1383 1751 1484 1797 VIII
1529 1751 1626 1797 Kal.
1670 1751 1753 1799 Iul.

158 1821 428 1884 inchoatur,
467 1836 491 1867 a
530 1836 622 1882 quo
661 1822 734 1868 die
774 1836 942 1868 venere
981 1821 1307 1868 abstinendum
1344 1821 1753 1882 ieiunandumque.

158 1890 227 1937 Ab
259 1897 421 1938 octavo
453 1892 576 1937 enim
602 1890 697 1938 Kal.
722 1891 804 1938 Iul.
829 1893 1002 1938 aestiva
1025 1893 1291 1952 progressio
1316 1893 1604 1937 incrementa
1635 1890 1753 1938 fellis
1777 1899 1818 1930 25

158 1963 415 2007 exsuscitat
444 1975 594 2022 usque
625 1962 674 2007 in
705 1963 918 2008 autumni
941 1962 1301 2024 aequinoctium,
1333 1961 1457 2022 quod
1482 1966 1553 2007 est
1575 1959 1633 2006 VI
1656 1959 1753 2007 Kal.

158 2029 388 2077 Octobris.
459 2029 562 2077 Erit
605 2031 750 2091 igitur
791 2030 1018 2078 utendum
1063 2032 1212 2078 acutis
1258 2038 1305 2078 et
1341 2030 1514 2091 sapidis
1551 2035 1598 2076 et
1634 2029 1753 2077 bene

157 2099 391 2147 olentibus
446 2100 584 2163 cibis,
636 2102 824 2162 parcius
868 2101 1170 2148 ieiunandum
1216 2106 1262 2146 et
1313 2101 1502 2146 venerio
1554 2113 1644 2146 usu
1696 2099 1753 2146 ab

157 2169 258 2215 VIII
282 2169 379 2217 Kal.
403 2169 488 2217 Iul.
520 2177 646 2217 certe
678 2185 763 2231 per
795 2171 894 2217 dies
918 2170 1002 2216 XII
1031 2172 1220 2232 penitus
1251 2169 1589 2217 abstinendum.
1641 2168 1754 2216 Post

158 2242 371 2286 autumni
408 2242 770 2303 aequinoctium,
807 2240 854 2286 id
893 2246 965 2287 est
1001 2246 1108 2301 post
1142 2239 1263 2286 diem
1294 2238 1351 2284 VI
1381 2238 1478 2285 Kal.
1511 2237 1751 2302 Octobres,
1775 2249 1815 2279 30

157 2323 288 2356 acres
333 2309 452 2356 biles
501 2311 622 2356 vires
672 2316 719 2357 et
771 2318 1070 2371 augmentum
1122 2311 1383 2355 sortiuntur
1434 2309 1483 2354 in
1535 2323 1752 2355 occasum

155 2378 404 2441 pleiadum,
443 2381 524 2441 qui
562 2386 633 2426 est
666 2379 750 2426 IIII
781 2379 887 2427 idus
916 2378 1212 2441 Novembris,
1255 2392 1443 2424 umores
1482 2379 1620 2424 etiam
1651 2392 1751 2438 gra-

155 2463 236 2494 ves
275 2456 483 2509 serpunt.
543 2449 647 2496 Erit
683 2451 827 2511 igitur
865 2449 1092 2497 utendum
1130 2448 1274 2494 acidis
1312 2453 1358 2494 et
1395 2447 1582 2494 acribus
1620 2447 1751 2510 cibis,

271 2572 292 2609 1
326 2568 516 2610 candito.
628 2574 651 2611 6
683 2569 937 2612 valetudine
967 2573 992 2610 1
1002 2582 1043 2611 m
1071 2567 1316 2610 valitudine
1346 2571 1442 2611 2m.
1545 2571 1569 2608 9
1600 2568 1750 2609 ventre

155 2623 483 2665 molestissimo.
547 2630 597 2666 14
620 2626 788 2678 humor,
812 2627 911 2668 item
936 2629 1000 2667 19.
1085 2628 1135 2666 18
1152 2623 1371 2677 phleuma.
1432 2627 1485 2664 23
1503 2623 1558 2664 ab
1573 2623 1750 2676 scripsi:

156 2692 212 2722 aa
245 2679 344 2732 (sic)
380 2681 493 2730 cod„
531 2681 586 2722 ad
625 2681 875 2724 Gornarius.
1011 2684 1065 2721 24
1098 2693 1234 2732 supra
1270 2692 1429 2722 venere
1470 2679 1569 2721 add.
1600 2681 1681 2720 2m
1710 2690 1747 2719 a.

156 2738 208 2776 27
240 2735 397 2790 acutis]
429 2735 605 2789 frigidis
639 2736 887 2780 Gornarius.
1020 2740 1071 2777 32
1103 2736 1307 2778 humores
1337 2739 1429 2778 2m.
