1930 3008
751 105 1126 156 —329—

142 234 347 296 dimidio,
384 241 485 282 tum
522 233 717 281 relicum
755 233 910 280 oleum
948 239 995 280 et
1028 247 1135 280 cera
1167 238 1213 280 et
1244 232 1558 281 terebinthina
1588 234 1735 297 lique-

142 305 260 352 facta
297 305 520 351 mortario
558 303 963 365 superfunduntur
994 309 1041 350 et
1070 309 1472 365 concorporantur
1502 310 1641 366 atque
1672 306 1736 351 ita

141 376 190 422 in
227 373 397 421 doliolo
435 375 581 421 vitreo
618 379 925 435 reponuntur.

282 444 350 490 Ad
382 443 701 506 condylomata
731 445 808 490 ani
837 443 948 490 facit
976 441 1095 489 bene
1120 441 1363 489 elaterium
1387 444 1584 505 sincere,
1612 444 1736 505 quod
1768 457 1796 494 3

100 526 122 560 5
145 521 216 562 est
260 528 403 561 sucus
449 514 714 560 cucumeris
758 513 955 560 silvatici
999 514 1271 574 conpositus
1307 514 1356 559 in
1392 515 1621 560 rationem
1659 529 1736 575 pa-

145 584 258 632 stilli
294 590 424 631 aceto
456 583 632 630 dilutus
670 589 717 630 et
752 585 816 630 ita
853 582 1113 646 adpositus;
1159 584 1274 629 item
1317 582 1524 644 propolis
1565 598 1650 644 per
1687 598 1737 631 se

145 653 337 702 subacta
374 660 422 700 et
456 667 587 700 more
624 652 864 715 emplastri
900 654 1100 714 inposita
1137 652 1393 714 plurimum
1429 653 1636 714 prodest.

284 723 414 770 Facit
449 722 568 770 bene
604 722 694 769 hoc
731 723 1122 769 medicamentum
1154 724 1229 768 ani
1259 724 1383 770 vitiis
1413 724 1502 771 sic:
1539 723 1738 770 Resinae
1769 736 1798 773 4

144 792 485 840 terebinthinae
516 791 556 838 X
586 791 658 855 VI,
695 806 830 839 cerae
867 792 1012 855 idem3
1049 793 1098 838 in
1135 806 1282 838 unum
1318 793 1434 840 haec
1471 800 1740 855 coquuntur

84 877 124 908 10
148 868 374 924 quantum
426 867 612 923 oportet
662 868 709 908 et
760 861 1027 908 adiciuntur
1076 861 1150 908 his
1202 864 1378 922 gagatis
1429 862 1596 923 lapidis
1639 865 1741 910 triti

147 931 187 979 X
223 931 328 995 11113
372 931 508 979 multi
551 937 598 978 et
641 931 775 978 iridis
820 937 1042 978 contusae
1087 946 1141 978 ac
1185 933 1292 977 vino
1338 933 1506 978 mixtae
1548 938 1595 979 et
1632 932 1739 979 sub·
1806 931 1811 937 '

146 1009 274 1049 actae
311 1001 526 1048 manibus
563 1001 691 1049 velut
726 1002 900 1048 farinae
938 1001 1113 1062 aliquid
1151 1001 1445 1048 addiderunt.

285 1071 384 1118 Hoc
415 1086 601 1133 quoque
633 1071 1023 1118 medicamentum
1054 1071 1249 1117 mirifice
1279 1071 1472 1132 prodest
1503 1073 1578 1118 ani
1601 1073 1739 1134 vitiis,
1772 1085 1799 1122 5

148 1147 329 1188 constat
368 1156 425 1187 ex
461 1141 555 1188 his:
592 1140 822 1188 Aluminis
858 1140 1018 1187 Melini
1046 1139 1086 1186 X
1116 1140 1172 1203 II,
1210 1140 1471 1188 chalcitidis
1509 1141 1549 1187 X
1579 1142 1612 1204 1,
1650 1143 1740 1188 fae-

0 1221 3 1261 ἱ
83 1227 125 1258 15
148 1211 278 1258 culae
323 1210 364 1257 X
401 1210 441 1274 13
494 1217 713 1258 teruntur
763 1211 877 1258 haec
928 1212 1082 1257 omnia
1127 1210 1375 1271 diligenter
1418 1213 1741 1273 permixtaque

0 1279 1 1287 ’
147 1296 253 1329 311111
292 1295 410 1342 opus
448 1288 519 1328 est
554 1282 662 1327 vino
700 1287 779 1328 aut
815 1286 947 1327 aceto
978 1279 1120 1327 diluta
1152 1280 1463 1341 adponuntur.
1522 1280 1741 1328 Haemor-
1773 1295 1801 1333 6

146 1351 334 1398 rhoidas
379 1353 446 1397 sic
492 1351 649 1398 curari
701 1356 906 1413 oportet,
956 1351 1160 1411 primum
1212 1355 1265 1397 ut
1315 1351 1545 1412 prodeant
1594 1357 1741 1414 totae3

148 1420 272 1482 quod
317 1426 370 1467 ut
413 1421 512 1482 fiat,
557 1434 672 1467 anus
717 1419 1188 1478 hoc‚medicamento
1233 1427 1575 1482 perunguetur:
1625 1420 1740 1468 Cen-

0 1535 2 1537 ,
147 1491 299 1538 taurei
343 1492 444 1537 suci
481 1490 520 1536 X
557 1489 599 1536 Π
640 1515 700 1523 -
739 1490 854 1536 haec
890 1489 1035 1536 herba
1072 1489 1235 1536 Latine
1276 1490 1336 1536 fel
1374 1497 1528 1537 terrae
1568 1491 1742 1538 dicitur

0 1561 2 1594 ῑ
83 1575 124 1606 20
149 1566 196 1607 et
238 1559 412 1621 ubique
457 1561 505 1606 in
549 1561 672 1620 agris
716 1561 946 1622 nascitur,
991 1564 1063 1606 est
1100 1565 1253 1606 autem
1292 1561 1448 1607 tenuis
1485 1560 1742 1608 multorum

147 1644 383 1676 ramorum
427 1630 477 1675 in
520 1635 703 1676 rectum
750 1631 1066 1690 surgentium,
1117 1628 1257 1675 habet
1307 1629 1469 1676 florem
1522 1632 1743 1692 exignum

146 1713 438 1761 purpureum
480 1725 539 1732 —
580 1699 786 1746 absinthi
823 1700 925 1746 suci
961 1698 1000 1744 X
1038 1698 1102 1761 ΙΙ,
1146 1698 1362 1746 aluminis
1407 1700 1574 1761 liquidi
1610 1700 1650 1746 X
1687 1700 1743 1763 II,

147 1771 289 1816 misni
333 1768 370 1814 X
410 1768 449 1831 I,
500 1768 673 1815 herbae
720 1768 1014 1830 peduclariae
1059 1768 1099 1814 X
1135 1768 1175 1831 Ι,
1220 1769 1370 1815 mellis
1416 1776 1642 1831 quantum
1687 1771 1744 1817 ad

149 1838 571 1900 conprehendenda
610 1853 661 1884 ea
700 1840 812 1885 satis
850 1840 953 1885 erit.
1010 1837 1094 1884 His
1130 1846 1360 1900 peruncto
1398 1854 1485 1886 ano
1524 1846 1604 1886 aut
1640 1840 1742 1887 lana

85 1923 127 1954 25
150 1910 296 1955 tincta
340 1909 539 1954 interius
583 1914 735 1971 trusa,
787 1923 894 1955 cum
942 1908 1178 1955 desederit
1225 1910 1329 1969 quis
1383 1909 1439 1955 ad
1488 1909 1648 1956 sellam
1697 1916 1744 1957 et

149 1979 393 2039 paruerint
422 1983 546 2024 totae
582 1977 976 2041 haemorrhoides,
1015 1992 1156 2039 supra
1193 1980 1369 2040 scripto
1403 1979 1743 2027 medicamento

148 2062 315 2094 rursus
359 2047 479 2094 bene
523 2048 780 2109 tangendae
827 2053 937 2094 sunt
980 2047 1210 2110 undique,
1261 2050 1512 2111 praecipue
1561 2049 1745 2097 radices

148 2131 324 2180 earum,
363 2132 477 2178 quas
513 2116 638 2164 basis
677 2117 852 2180 dicunt,
890 2117 947 2163 de
986 2116 1167 2178 specilli
1202 2117 1447 2165 latitudine
1478 2119 1742 2166 inlinendae

150 2193 280 2250 sunt,
327 2187 524 2234 subinde
569 2189 823 2248 inponente
860 2187 1041 2233 medico
1081 2187 1313 2234 cumulate
1350 2189 1743 2236 medicamentum

85 2270 127 2301 so
150 2262 197 2303 et
240 2257 505 2304 adcrustate
550 2258 854 2319 inprimente,
906 2257 1053 2303 donec
1100 2256 1219 2302 bene
1267 2257 1539 2321 conbibant3
1592 2265 1743 2306 totum

148 2328 274 2373 enim
310 2329 358 2373 in
397 2341 450 2373 eo
490 2333 574 2390 est,
613 2333 663 2373 ut
701 2327 758 2373 ab
797 2328 922 2373 omni
959 2332 1090 2387 parte
1129 2332 1413 2374 saturentur.
1473 2327 1558 2374 Est
1588 2335 1744 2377 autem

148 2395 237 2442 hoc
267 2397 655 2443 medicamentum
688 2398 776 2444 sic:
808 2396 1076 2443 Chalcitidis
1106 2402 1238 2443 ustae
1270 2396 1308 2442 X
1332 2397 1431 2458 1111,
1463 2400 1583 2444 aeris
1614 2398 1744 2445 floris

151 2467 246 2511 usti
275 2465 315 2511 X
345 2466 442 2529 IIII,
479 2468 619 2513 misni
650 2468 745 2514 usti
774 2466 814 2512 X
837 2466 913 2529 Ill,
952 2468 1073 2513 aeris
1104 2480 1322 2527 squamae
1355 2466 1472 2531 XII,
1502 2467 1744 2530 diphrygis

293 2589 314 2625 1
347 2584 590 2629 dimidium.
706 2592 731 2629 4
763 2587 1072 2629 condilemata.
1162 2590 1186 2627 5
1218 2587 1469 2640 conpositis.
1559 2593 1609 2630 12
1640 2588 1743 2631 fari-

147 2654 263 2683 nam.
366 2645 418 2682 22
448 2655 723 2696 purporeum.
818 2648 871 2684 23
902 2642 1200 2696 puduclariae.
1295 2648 1349 2684 24
1380 2645 1486 2687 erat.
1580 2649 1633 2686 26
1663 2658 1744 2699 ap-

148 2696 376 2750 paruerint
408 2697 656 2742 Oornarius.
793 2703 846 2741 28
877 2699 1008 2742 vasis
1153 2698 1364 2752 specillis.
1509 2705 1561 2743 29
1593 2713 1742 2743 cumu-

147 2752 281 2795 latae.
396 2757 449 2795 30
480 2754 768 2802 adcrustatae.
885 2759 937 2797 33
969 2754 1220 2809 diphrycus.
