1898 3016
736 119 1081 168 -65-

114 249 343 311 physica
397 247 637 294 diversa.
720 246 788 294 Ad
840 246 1052 293 lacrimas
1107 254 1152 294 et
1203 253 1411 294 tumores
1465 247 1706 295 oculorum

114 318 406 380 lippientium
453 316 803 378 restringendos
849 322 1160 363 atramentum
1209 319 1504 379 sutoricium,
1550 318 1594 364 id
1638 324 1709 365 est

112 386 438 434 chalcanthum
472 386 615 432 viride
648 388 891 448 cyprinum
925 386 1092 433 tundes
1124 393 1169 433 et
1200 386 1428 432 cribrabis
1461 394 1506 433 et
1537 388 1709 435 factum

116 456 438 503 mollissimum
474 455 714 516 pulverem
753 471 805 502 ex
845 457 918 502 ovi
956 458 1127 502 incocti
1160 455 1276 518 albo,
1312 456 1357 502 id
1397 464 1467 502 est
1504 457 1709 520 lacrimo,

72 542 91 572 5
116 539 397 587 consperges
429 532 475 571 et
505 525 646 571 facies
677 525 880 588 collyria,
919 540 1035 586 quae
1067 527 1114 571 in
1148 525 1309 571 umbra
1342 525 1538 572 siccabis
1570 533 1708 588 atque

110 595 219 642 inde
256 594 499 657 palpebras
532 595 731 656 inunges
770 602 815 641 et
853 601 1060 655 tempora
1092 595 1272 642 inlines.
1334 595 1383 642 Si
1413 610 1467 641 ex
1499 603 1708 643 reumate

111 665 300 712 lacrima
342 664 580 711 abundans
619 670 709 726 est,
755 665 828 710 ovi
865 663 967 710 albo
1007 663 1250 726 collyrium
1289 665 1584 726 temperabis.
1660 666 1709 712 Si

110 734 340 796 lippitudo
379 741 423 780 et
463 735 700 795 sanguinis
738 733 910 780 infusio
949 739 1042 795 est,
1081 748 1135 779 ex
1174 740 1304 780 aceto
1344 735 1624 796 temperabis
1663 743 1708 781 et

112 805 315 865 desuper
353 803 512 850 oculos
551 802 862 865 circumlineS‚
901 805 964 849 ita
1005 809 1054 849 ut
1093 803 1207 848 nihil
1243 805 1442 850 interius
1477 805 1533 850 de
1566 805 1709 851 medi-

49 890 89 919 10
113 875 290 920 camine
322 873 632 935 ingrediatur3
664 880 871 933 tempora
904 886 1089 933 quoque
1120 872 1319 919 dolentis
1352 873 1514 919 eodem
1546 888 1707 935 super-

111 943 240 990 lines.
313 943 526 990 Brassica
571 942 714 989 cruda
761 944 868 988 trita
915 956 1020 988 cum
1059 956 1176 1003 pane
1215 942 1411 988 candido
1450 943 1707 990 madefacto

112 1012 302 1059 subacta
348 1027 399 1059 ac
442 1013 585 1058 fronti
622 1012 751 1058 inlita
797 1011 1003 1058 dolorem
1050 1010 1293 1058 oculorum
1336 1012 1590 1073 plurimum
1636 1028 1709 1059 re-

111 1081 243 1130 levat.
316 1082 602 1128 Medicamen
648 1081 702 1128 ad
742 1081 930 1127 oculum
968 1081 1145 1127 diutina
1184 1081 1461 1143 lippitudine
1501 1082 1572 1128 vel
1611 1085 1705 1144 epi-

111 1151 257 1212 phora
309 1151 594 1198 laborantem
639 1153 922 1197 intrinsecus
968 1150 1248 1197 curandum:
1301 1150 1488 1212 Lapidis
1533 1155 1708 1212 gagatis

49 1236 89 1267 15
115 1215 175 1287 ῼα
229 1221 289 1266 111
342 1221 539 1284 tundes,
601 1219 827 1267 cribrabis
889 1227 934 1266 et
986 1234 1102 1281 aqua
1155 1220 1344 1281 pluviali
1396 1221 1465 1267 vel
1522 1222 1708 1268 fontana

112 1305 416 1351 consparsum
461 1291 701 1352 pulverem
738 1289 965 1350 liquidum
1003 1290 1166 1350 facieS,
1215 1289 1382 1336 deinde
1421 1292 1470 1337 in
1508 1291 1708 1352 ampulla

111 1361 255 1406 vitrea
311 1374 529 1422 repones3
582 1374 687 1406 cum
742 1373 934 1405 necesse
986 1359 1148 1421 fuerit,
1200 1360 1340 1419 pinna
1392 1360 1592 1420 aquilina
1637 1361 1709 1407 vel

112 1429 375 1476 columbina
413 1429 698 1475 laborantem
737 1428 922 1476 oculum
962 1430 1217 1489 inungues:
1264 1443 1354 1489 quo
1393 1429 1513 1475 sacto
1552 1437 1597 1476 et
1635 1445 1707 1477 ca·

112 1498 300 1559 liginem
332 1507 378 1545 et
405 1499 611 1545 infusum
635 1500 907 1559 sanguinem
932 1497 1172 1558 absterges
1197 1497 1535 1560 clarioremque
1561 1502 1708 1546 visum

47 1585 88 1615 20
114 1570 345 1615 restitues.
417 1567 609 1614 Dolores
654 1567 895 1614 oculorum
933 1574 1143 1628 tempore
1182 1566 1349 1613 hiemis
1387 1568 1559 1629 frigore
1599 1583 1704 1616 con·

113 1644 286 1684 tractos
325 1637 522 1699 qualiter
560 1651 725 1684 curare
764 1636 954 1683 debeas:
993 1636 1225 1683 Concham
1265 1651 1447 1683 aeream
1485 1638 1541 1684 de
1573 1638 1709 1685 melle

113 1706 215 1753 albo
248 1707 432 1754 abintus
463 1721 672 1768 perunge
703 1712 847 1753 totam
879 1706 1166 1768 eandemque
1196 1721 1335 1766 supra
1368 1715 1576 1767 gastrum
1608 1708 1710 1755 lotii

113 1776 258 1823 virilis
305 1792 361 1823 ex
406 1792 456 1823 ea
503 1783 654 1838 parte,
708 1790 796 1837 qua
842 1775 976 1821 melle
1021 1775 1151 1822 inlita
1198 1782 1288 1837 est,
1341 1790 1606 1837 superpone
1653 1778 1707 1825 ad

113 1845 276 1892 lotium
323 1860 485 1892 versus
531 1853 578 1891 et
615 1859 698 1905 per
736 1845 834 1891 dies
871 1844 999 1890 XXX
1036 1845 1106 1891 bis
1145 1847 1191 1890 in
1231 1845 1304 1891 die
1343 1844 1507 1892 lotium
1545 1849 1710 1908 agitari

50 1930 90 1962 25
115 1915 275 1978 facito,
322 1922 372 1962 ut
409 1918 558 1962 omnis
596 1915 711 1960 odor
748 1914 819 1960 vel
857 1914 1067 1960 acritudo
1105 1915 1207 1960 lotii
1244 1921 1290 1961 et
1328 1917 1476 1962 virtus
1514 1917 1614 1963 eius
1653 1917 1708 1964 ad

114 1985 204 2031 mel
249 1987 294 2031 in
342 1985 516 2031 concha
560 1984 767 2045 haereat,
812 1990 973 2043 postea
1011 1984 1147 2030 rades
1186 1983 1410 2030 concham
1448 1987 1618 2049 ipsam,
1662 1986 1708 2033 id

115 2060 186 2100 est
223 2054 347 2115 quod
384 2053 519 2100 melle
557 2053 740 2100 inlitum
779 2053 944 2114 fuerat,
983 2060 1029 2099 et
1065 2068 1275 2100 rasuram
1309 2054 1479 2101 tundes
1510 2057 1558 2102 in
1588 2071 1708 2102 mor-

114 2125 231 2170 tario
270 2130 316 2170 et
354 2123 581 2171 cribrabis
620 2123 699 2169 diu
738 2129 783 2168 et
821 2137 1021 2183 repones
1052 2124 1099 2169 in
1130 2122 1328 2184 ampulla
1360 2123 1430 2170 vel
1461 2126 1606 2171 vitrea
1638 2126 1708 2172 vel

115 2208 304 2256 cyprea3
343 2208 448 2240 cum
484 2207 675 2239 necesse
709 2192 862 2253 fuerit,
901 2206 955 2237 ex
987 2191 1121 2238 melle
1152 2191 1435 2253 temperabis
1467 2200 1512 2240 et
1542 2196 1707 2241 intrin-

51 2277 93 2308 80
117 2277 252 2309 secus
299 2263 484 2309 oculum
522 2276 775 2324 perunges3
822 2260 1031 2307 mirabile
1069 2261 1329 2308 remedium
1367 2265 1622 2323 experieris
1660 2266 1708 2311 in

56 2347 60 2351 ’
115 2332 330 2379 omnibus
362 2333 506 2379 ferme
539 2331 779 2379 oculorum
806 2332 942 2377 etiam
966 2331 1256 2391 gravioribus
1282 2334 1446 2378 causis.
1494 2332 1708 2396 Gramen,

115 2402 238 2463 quod
277 2404 324 2448 in
364 2417 544 2448 summo
584 2400 826 2448 trisulcum
851 2400 1065 2462 babebit,
1104 2401 1405 2447 decrescente
1443 2401 1551 2449 luna
1589 2403 1706 2450 radi-

116 2472 236 2518 citus
275 2471 506 2518 sublatum
548 2486 683 2532 quam
722 2470 974 2531 plurimum
1013 2485 1207 2533 repone,
1250 2470 1416 2517 deinde
1455 2486 1510 2518 ex
1549 2472 1707 2519 multis

115 2555 259 2587 unum
305 2543 572 2603 auspicante
622 2539 897 2601 lippitudine
944 2539 998 2585 ad
1038 2540 1207 2587 collum
1246 2540 1445 2603 subliga,
1491 2541 1709 2589 celeriter

233 2707 252 2742 1
285 2703 503 2756 phoesica.
596 2707 620 2744 2
652 2703 968 2756 refringendos.
1065 2707 1088 2743 3
1122 2701 1322 2746 cribabis.
1434 2707 1483 2744 11
1516 2704 1707 2746 candito.

50 2771 54 2774 ·
121 2762 169 2799 17
200 2758 335 2811 pinna
367 2763 440 2800 1m
470 2771 615 2813 penna
644 2763 736 2802 2m.

201 2835 453 2876 MARCELLUS‚
477 2844 536 2866 nn.
561 2837 804 2867 Hmamnmcn.
1433 2832 1457 2869 5

1739 257 1792 296 20

1740 953 1791 990 21

1739 1093 1791 1130 22

1736 1580 1791 1617 23

1739 2343 1794 2381 24
