1930 3008
845 101 1218 152 —344—

231 230 464 293 selibram,
494 236 632 277 tunsa
663 229 778 276 haec
803 235 942 291 atque
966 229 1169 276 cribrata
1193 229 1452 276 miscentur
1481 236 1528 276 et
1551 245 1656 277 cum
1681 244 1827 292 aquae

230 299 446 362 pluvialis
469 297 517 346 ὃ*
542 299 627 346 1111
657 299 714 346 ad
747 300 922 346 medias
954 299 1297 361 decoquuntur,
1330 313 1386 345 ex
1410 313 1464 346 eo
1489 300 1657 346 cotidie
1681 305 1826 346 testes

147 380 201 418 29
232 376 468 417 tumentes
514 369 636 416 inliti
683 370 908 416 citissime
953 370 1292 429 reprimuntur.
1358 368 1576 416 Contusis
1621 375 1667 415 et
1703 384 1826 416 com-

230 441 408 501 pressis
444 438 644 486 testibus
682 441 773 485 cito
811 438 1083 500 subvenies,
1122 440 1162 484 si
1199 439 1379 484 cicutae
1419 438 1526 484 folia
1566 440 1676 485 trita
1718 453 1824 486 cum

231 509 431 571 pauculo
463 511 584 556 aceti
612 508 822 570 inducas,
856 509 920 555 ita
951 514 1004 554 ut
1035 507 1322 554 medicamen
1353 507 1639 568 glutinosum
1672 508 1826 571 facias,
1848 521 1868 553 5
1929 523 1930 551 1

233 586 279 626 et
317 594 400 641 per
437 579 645 625 triduum
683 592 828 639 ponas
866 583 912 624 et
949 592 1084 623 mane
1122 592 1174 624 ac
1211 591 1405 638 vespera
1443 592 1651 624 renoves.

145 659 201 696 30
373 648 519 695 Bacae
558 649 771 709 cupressi
801 654 1023 694 contusae
1054 661 1160 693 curn
1192 649 1388 708 axungia
1420 654 1575 694 vetere
1608 647 1826 694 subactae

233 724 280 765 et
316 724 552 779 tamquam
590 717 814 778 malagma
844 719 1089 778 impositae
1119 717 1366 763 herniosos
1398 719 1537 764 etiam
1567 717 1750 763 adultos
1781 724 1829 764 et

234 789 451 850 antiquos
488 793 707 848 potenter
743 789 916 834 iuvant.

147 868 201 906 31
374 858 442 904 Ad
465 859 640 904 veretri
665 857 872 904 dolorem
899 863 1224 918 tumoremque
1250 856 1509 903 remedium
1533 857 1622 903 sic:
1653 855 1830 919 Betam,
1853 870 1892 900 10

236 927 293 974 de
344 942 432 988 qua
481 941 662 990 semen,
708 927 916 987 decoque
956 941 1011 972 ex
1049 941 1168 987 aqua
1204 931 1343 986 atque
1382 941 1434 972 ea
1473 926 1664 973 adsidue
1702 940 1829 973 vere-

234 1004 360 1044 trum
398 1011 482 1057 per
516 997 722 1043 triduum
753 998 854 1042 fove
886 1002 932 1042 et
962 1002 1118 1043 tumor
1150 995 1389 1042 sedabitur
1420 1001 1467 1041 et
1498 998 1661 1043 vitium
1693 1010 1830 1042 omne

149 1077 203 1114 32
233 1067 427 1113 reducta
465 1066 681 1127 pellicula
712 1065 964 1112 sanabitur.
1026 1065 1147 1112 Suco
1181 1065 1352 1111 herbae
1383 1068 1641 1112 vettonicae
1672 1065 1830 1127 tepido

234 1138 342 1183 vino
386 1137 530 1182 mixto
576 1142 813 1182 veretrum
858 1135 1051 1181 adsidue
1099 1135 1200 1181 fove
1247 1134 1318 1180 vel
1364 1136 1512 1195 ipsam
1559 1137 1716 1181 tritam
1753 1135 1830 1182 ad-

149 1217 203 1254 33
234 1220 368 1268 pone.
429 1205 700 1251 Portulacae
738 1219 880 1251 sucus
917 1204 1030 1251 tubo
1069 1204 1297 1250 laboranti
1334 1219 1418 1265 per
1456 1204 1727 1266 clysterium
1757 1206 1825 1251 in·
1851 1218 1891 1248 15

235 1277 409 1321 missus
439 1277 557 1321 mire
588 1275 802 1337 prodest,
833 1276 932 1335 ipsa
964 1276 1103 1320 etiam
1136 1275 1244 1320 trita
1269 1275 1630 1335 superimposita
1656 1274 1831 1322 iuvabit

236 1351 282 1391 et
320 1346 427 1406 quia
467 1346 558 1391 cito
597 1346 784 1406 arescit,
821 1343 1087 1405 plusculum
1122 1346 1224 1390 suci
1255 1346 1356 1390 eius
1387 1359 1661 1406 expressum
1694 1343 1832 1391 debet

235 1415 291 1461 ad
329 1415 727 1461 necessitudinem
763 1413 1032 1460 huiusmodi
1069 1415 1312 1460 reservari.

150 1495 206 1533 34
375 1484 532 1531 Pulvis
564 1486 867 1530 tenuissimus
892 1483 948 1530 de
971 1486 1112 1544 myrti
1136 1483 1259 1530 foliis
1284 1484 1502 1530 arefactis
1525 1483 1675 1530 ulceri
1698 1498 1829 1530 vere-

149 1565 204 1602 35
235 1556 298 1602 tri
341 1556 586 1615 inspersus
631 1554 874 1600 celerrime
912 1553 1116 1614 prodest.
1182 1552 1384 1600 Nucleos
1421 1555 1586 1614 pineos
1624 1555 1829 1600 minutos
1853 1568 1893 1596 ρο

235 1630 460 1685 purgatos
499 1638 692 1670 numero
726 1623 853 1668 XXX
891 1623 1072 1669 adiecto
1109 1623 1311 1683 pauxillo
1350 1625 1477 1670 croci
1515 1623 1655 1669 simul
1693 1625 1829 1670 tritos

237 1696 278 1740 si
323 1696 428 1755 quis
474 1708 530 1739 ex
574 1694 700 1754 passi
745 1692 909 1754 cyatho
956 1692 1126 1739 cotidie
1166 1707 1249 1753 per
1287 1693 1386 1739 dies
1424 1692 1546 1738 V1111
1584 1695 1831 1740 continuos

151 1775 206 1813 36
237 1763 380 1826 hibat,
416 1765 533 1809 mire
572 1765 705 1824 penis
735 1764 846 1809 vitio
878 1761 1189 1823 celeriterque
1221 1762 1472 1809 sanabitur.
1517 1762 1692 1809 Ervum
1723 1777 1831 1824 pur-

236 1839 395 1895 gatum
440 1833 653 1879 molitum
699 1839 745 1879 et
788 1834 836 1878 in
882 1833 1075 1878 farinam
1114 1834 1435 1880 tenuissimam
1474 1832 1716 1879 redactum
1755 1832 1831 1879 ad-

235 1905 358 1950 iecto
396 1904 516 1949 turis
553 1902 725 1963 polline
764 1917 871 1948 cum
908 1904 1015 1948 vino
1052 1908 1208 1948 vetere
1247 1907 1430 1949 coctum
1462 1902 1671 1963 tepidum
1702 1916 1829 1948 vere·
1854 1915 1895 1946 25

235 1979 311 2020 tro
349 1974 606 2033 inpositum
644 1979 690 2019 et
727 1972 1000 2033 adopertum
1040 1973 1263 2019 citissime
1299 1972 1504 2033 prodest.

151 2055 206 2093 37
378 2041 537 2088 Verris
589 2041 837 2089 cerebrum
890 2047 1076 2088 coctum
1129 2048 1175 2088 et
1226 2057 1331 2088 cum
1382 2041 1518 2088 melle
1570 2040 1834 2101 adpositum

152 2126 207 2164 38
239 2111 552 2159 carbunculos
596 2114 644 2157 in
686 2118 871 2158 veretro
910 2111 1163 2157 efficaciter
1202 2118 1344 2158 sanat.
1418 2111 1541 2157 Dens
1579 2110 1833 2157 caballinus

239 2188 464 2228 contusus
503 2188 548 2228 et
584 2182 633 2227 in
670 2181 910 2241 pulverem
941 2182 1271 2228 tenuissimum
1301 2181 1519 2227 redactus
1550 2187 1732 2226 veretro
1764 2181 1831 2226 in—

151 2265 206 2304 39
239 2265 433 2313 spersus
464 2251 718 2297 efficaciter
748 2251 953 2312 prodest.
1007 2250 1204 2297 Arietini
1234 2250 1481 2312 pulmonis,
1513 2249 1623 2296 dum
1654 2251 1701 2295 in
1734 2264 1830 2296 cra·
1855 2264 1896 2294 30

237 2321 381 2368 ticula
418 2328 616 2383 assatur,
654 2335 796 2367 sucus
835 2326 1059 2382 exceptus
1094 2322 1382 2382 myrmecias,
1421 2334 1538 2380 quae
1568 2321 1615 2365 in
1648 2325 1830 2365 veretro

237 2393 368 2437 nasci
406 2390 571 2452 solent,
609 2392 830 2437 unctione
870 2405 952 2436 sua
990 2396 1160 2451 purgat
1198 2396 1244 2436 et
1282 2390 1484 2436 discutit.

96 2485 104 2493 s
154 2476 208 2513 40
380 2460 544 2507 Canini
589 2461 754 2521 capitis
797 2461 1001 2506 recentis
1039 2461 1191 2506 exusti
1229 2462 1348 2506 cinis
1385 2460 1559 2505 veretri
1595 2458 1663 2504 vel
1703 2460 1831 2504 testi-

238 2530 452 2576 culorum
498 2529 666 2576 tabidis
721 2536 767 2576 et
815 2529 985 2575 umidis
1029 2528 1269 2575 ulceribus
1314 2531 1556 2589 inspersus
1601 2534 1680 2574 aut
1726 2542 1832 2574 cum

380 2695 432 2731 27
470 2691 620 2732 Verris
660 2691 903 2746 cerebrum]
939 2691 993 2742 cf.
1019 2691 1137 2732 Plin.
1162 2703 1203 2732 n.
1228 2691 1267 2732 h.
1293 2693 1359 2742 28,
1385 2694 1479 2731 213.
1632 2693 1685 2731 28
1715 2688 1832 2732 Dens

238 2745 503 2800 caballinus]
535 2748 588 2797 ef.
614 2747 731 2788 Ptin.
755 2760 798 2788 n.
822 2748 861 2790 7³.
886 2751 953 2799 30,
981 2751 1045 2788 72.
