1898 3016
737 117 1119 168 *125-

140 249 304 296 Graeci
348 247 600 308 appellant:
666 246 875 307 Ligustri
918 245 1025 292 folia
1069 245 1452 292 commanducato
1497 246 1730 306 sinitoque

141 319 269 380 egeri
298 318 513 378 pituitam
544 316 682 363 saliva
713 318 962 377 inritatam,
994 329 1110 376 quae
1141 315 1252 362 dum
1282 315 1429 362 hianti
1459 329 1540 361 ore
1565 315 1729 362 decur-

139 390 216 451 rit,
253 386 386 434 dolor
423 386 617 433 desinet.
670 385 779 432 Sine
818 384 975 432 dolore
1014 391 1169 431 autem
1209 387 1287 445 qui
1325 386 1426 431 cavi
1465 391 1512 431 et
1542 384 1732 432 inutiles

140 464 250 504 sunt
295 456 513 503 decident
550 455 855 502 medicamine
892 454 994 501 tali:
1050 454 1232 515 Piperis
1270 469 1412 515 grana
1449 469 1644 501 numero
1682 453 1733 516 V,

100 542 120 574 5
142 526 284 588 gallae
315 531 362 573 et
383 524 567 587 galbani
597 531 643 571 et
666 525 881 571 afronitri
903 523 1094 585 aequale
1118 524 1300 585 pondus
1323 523 1380 570 ad
1403 523 1534 570 fabae
1557 525 1731 584 magni-

140 596 351 643 tudinem
382 609 474 641 una
503 594 764 641 contundes
799 602 845 640 et
876 595 1085 640 contusis
1115 593 1206 640 mel
1237 593 1515 640 admiscebis
1547 600 1594 640 et
1624 593 1731 639 sub-

140 667 253 728 igeS,
291 665 438 712 donec
475 664 659 725 redigas
698 663 753 710 ad
792 678 926 710 cerae
967 662 1310 724 lentitudinem,
1347 678 1496 724 eoque
1533 662 1733 710 medica-

140 741 298 782 mento
337 734 523 780 dentem
561 747 724 780 cavum
762 741 808 780 et
845 732 1078 779 dolentem
1115 733 1330 794 implebis
1375 734 1458 794 ita,
1504 739 1557 780 ut
1601 734 1733 793 prius

141 818 248 851 eum
286 803 432 851 calida
462 804 631 865 foveas,
670 804 769 849 sine
801 802 961 849 dolore
992 802 1187 849 excidet.
1242 802 1310 848 Ad
1341 802 1506 849 dentes
1536 802 1733 849 mobiles
1763 812 1817 850 42

79 888 121 919 ιο
143 882 189 921 et
225 873 436 920 dolentes
474 879 522 921 et
551 873 841 934 gingivarum
872 878 1104 918 tumorem
1134 872 1395 918 remedium
1426 873 1515 918 sic:
1553 871 1735 918 Cornus

142 944 320 990 cervini
358 941 590 989 combusti
630 968 688 975 -—
731 941 794 1002 Π,
837 940 936 987 folii
974 935 1035 1008 3³
1065 941 1106 1003 I,
1151 941 1260 987 salis
1296 942 1571 987 ammoniaci
1609 935 1671 1007 72
1703 940 1736 1003 I,

141 1014 317 1074 piperis
348 1027 488 1073 grana
519 1011 655 1074 Vllll,
685 1013 768 1058 iris
798 1011 1006 1073 Illyricae
1039 1005 1100 1077 §a
1125 1010 1267 1073 V11113
1307 1025 1362 1057 ex
1392 1011 1465 1057 his
1495 1010 1737 1072 pulverem

141 1084 471 1129 tenuissimum
515 1082 656 1128 facies
701 1087 748 1127 et
789 1095 842 1127 eo
882 1081 1044 1127 dentes
1083 1080 1274 1127 cottidie
1321 1080 1611 1141 persricabis.
1686 1079 1737 1126 Si

142 1151 339 1198 mobiles
378 1157 518 1198 erunt
555 1158 602 1197 et
632 1150 871 1211 dolebunt,
910 1149 1043 1196 facile
1074 1150 1242 1196 cadent
1280 1157 1327 1196 et
1363 1152 1403 1196 si
1442 1152 1542 1196 sine
1574 1149 1733 1196 dolore

81 1236 120 1267 15
142 1221 281 1267 validi
317 1227 446 1282 sunt,
495 1219 897 1267 confirmabuntur
940 1225 987 1266 et
1031 1219 1324 1266 candidiores
1363 1226 1409 1265 et
1446 1219 1735 1266 odoratiores

144 1297 303 1352 erunt3
341 1289 508 1336 melius
546 1297 700 1336 autem
737 1290 1006 1351 proficient,
1051 1291 1093 1335 si
1136 1291 1184 1335 in
1221 1291 1454 1336 iuncturis
1492 1295 1572 1335 aut
1616 1289 1736 1335 radi-

143 1360 276 1407 cibus
315 1366 394 1406 aut
431 1361 661 1406 cavaturis
700 1373 862 1405 eorum
900 1359 956 1405 de
994 1359 1081 1404 hoc
1119 1360 1221 1419 ipso
1259 1358 1525 1406 dentifricio
1561 1358 1736 1420 aliquid

144 1429 385 1476 resederit.
451 1429 675 1475 Ramenta
721 1443 892 1475 cornus
934 1429 1112 1474 cervini
1147 1427 1220 1474 vel
1262 1428 1451 1475 scobem
1489 1430 1590 1474 eius
1628 1427 1736 1474 lima
1766 1439 1819 1476 43

145 1500 312 1546 factam
350 1513 457 1546 cum
493 1500 599 1544 vino
637 1504 794 1544 vetere
833 1497 888 1543 ad
927 1499 1088 1544 tertias
1127 1512 1275 1558 coque
1314 1504 1361 1544 et
1399 1498 1508 1544 inde
1543 1497 1736 1544 adsidue

82 1583 123 1613 20
147 1583 198 1615 os
228 1568 345 1630 elue,
382 1569 499 1614 mire
528 1567 739 1628 proderit
768 1566 1058 1615 roborandis.
1115 1566 1359 1614 Portulaca
1390 1567 1582 1613 adsidue
1614 1581 1737 1613 com·
1767 1578 1822 1616 44

144 1637 420 1684 manducata
457 1637 707 1683 stridorem
745 1636 956 1683 dentium
996 1636 1130 1683 tollit.
1203 1637 1466 1683 Africanam
1510 1637 1738 1697 sfongiam
1767 1647 1821 1684 45

145 1706 341 1754 siccabis
386 1713 434 1753 et
478 1706 580 1753 lana
623 1707 828 1753 involves
875 1713 1013 1767 atque
1054 1705 1162 1752 inde
1201 1707 1405 1753 radicem
1443 1707 1596 1753 dentis
1633 1721 1737 1767 per-

146 1776 350 1837 fricabiS,
382 1776 462 1822 sed
495 1791 617 1837 cave,
648 1790 706 1822 ne
738 1775 878 1822 alium
909 1790 994 1836 pro
1019 1775 1105 1822 alio
1129 1782 1304 1836 tangas.
1355 1775 1470 1822 Nam
1495 1782 1738 1822 contactus

144 1853 250 1908 post
280 1846 489 1892 triduum
520 1846 673 1906 cadet3
704 1847 744 1891 si
774 1847 897 1892 enim
927 1845 1119 1905 putidus
1150 1845 1293 1892 fuerit
1323 1852 1370 1892 et
1393 1845 1581 1907 dolebit,
1605 1845 1738 1891 facile

85 1930 125 1960 25
149 1915 343 1962 excidet.
411 1915 526 1961 Cum
564 1917 767 1976 primum
804 1915 1103 1961 hirundinem
1141 1915 1334 1976 videris,
1379 1914 1556 1961 tacebis
1598 1922 1644 1961 et
1681 1914 1738 1960 ad
1769 1925 1821 1963 46

146 1999 311 2046 aquam
350 1984 542 2031 nitidam
580 1985 774 2031 accedes
814 1990 952 2045 atque
982 1984 1089 2030 inde
1120 1986 1169 2030 in
1200 1999 1252 2030 os
1282 1992 1416 2031 tuum
1447 1986 1624 2046 mittes3
1662 1984 1738 2030 de·

146 2055 254 2100 inde
292 2054 436 2115 digito
475 2053 726 2115 obscoeno,
774 2054 820 2100 id
868 2060 940 2100 est
982 2054 1157 2114 medic,
1203 2060 1295 2100 tam
1341 2068 1507 2100 manus
1548 2054 1738 2100 dextrae

149 2139 286 2185 quam
324 2125 538 2170 sinistrae
577 2124 739 2170 dentes
778 2123 966 2170 fricabis
997 2130 1044 2169 et
1073 2123 1222 2170 dices:
1259 2123 1471 2170 Hirundo
1501 2123 1589 2170 tibi
1620 2123 1741 2183 dico,

149 2193 380 2254 quomodo
419 2193 507 2240 hoc
545 2195 593 2239 in
631 2200 784 2239 rostro
823 2195 995 2238 iterum
1032 2206 1126 2238 non
1164 2194 1272 2252 erit,
1319 2194 1385 2239 sic
1423 2193 1538 2239 mihi
1575 2193 1740 2239 dentes

87 2277 127 2308 so
150 2277 243 2309 non
281 2262 467 2309 doleant
503 2269 600 2309 toto
639 2277 773 2309 anno,
832 2262 1007 2308 Iterum
1047 2262 1187 2308 alium
1224 2277 1396 2309 annum
1434 2269 1482 2309 et
1518 2263 1739 2322 deinceps

150 2331 454 2393 sequentibus
486 2332 699 2379 similiter
729 2333 884 2393 facies,
916 2333 955 2377 si
985 2330 1187 2377 volueris
1211 2333 1407 2378 remedii
1436 2332 1576 2378 huius
1608 2338 1740 2392 quot-

149 2403 282 2448 annis
312 2416 498 2448 manere
537 2402 827 2449 beneficium.
887 2400 1076 2447 Cocleas
1115 2407 1346 2448 nostrates
1376 2403 1579 2447 minutas
1603 2402 1742 2447 etiam
1771 2412 1822 2448 47

150 2473 312 2516 inanes
357 2470 520 2533 collige
566 2478 612 2518 et
656 2474 704 2518 in
748 2472 972 2517 mortario
1021 2484 1280 2517 marmoreo
1330 2471 1577 2532 diligenter
1627 2477 1740 2532 tere,

266 2596 285 2631 1
325 2590 462 2633 Verba
490 2590 685 2644 Ligustri
714 2590 823 2632 folia
852 2603 984 2644 usque
1012 2592 1070 2633 ad
1100 2591 1225 2632 dolor
1255 2590 1430 2632 desinet
1452 2591 1589 2644 paulo
1618 2591 1743 2642 infra

146 2650 246 2699 post
274 2647 402 2688 verba
432 2646 523 2688 sine
556 2647 706 2688 dolore
738 2646 910 2688 excidet
939 2647 1142 2688 collocata
1173 2651 1275 2688 sunt
1303 2648 1352 2688 in
1381 2648 1532 2689 codice.
1624 2651 1675 2687 14
1706 2646 1743 2687 si

152 2705 252 2743 ante
289 2702 379 2743 sine
419 2715 496 2743 om.
667 2706 721 2742 20
759 2702 974 2754 porcacla.
1147 2706 1200 2742 21
1239 2701 1511 2757 Africanam]
1551 2701 1742 2755 aspagis.

153 2762 206 2798 25
238 2756 535 2808 herundinem‚
565 2758 664 2799 item
693 2762 760 2799 28.
