1898 3016
754 151 814 158 —
892 121 1132 172 229—

144 255 284 316 ciam‚
328 252 411 299 rha
449 251 632 299 Pontici
670 252 968 298 semunciam.
1035 250 1180 297 Aloen
1220 257 1267 298 et
1302 250 1563 298 mastichen
1601 251 1740 298 simul

144 331 270 371 teres
307 328 355 370 et
391 321 620 370 cribrabis
658 321 791 383 bene,
828 321 1034 383 reliquas
1072 322 1254 383 species
1291 323 1340 368 in
1369 320 1461 383 pila
1492 321 1664 368 tundes
1694 328 1741 368 et

144 392 372 440 cribrabis
410 392 528 439 bene
567 398 614 438 et
651 405 812 438 omnes
849 397 1010 453 postea
1045 393 1094 438 in
1124 405 1271 438 unum
1303 391 1561 438 confundes
1593 397 1638 438 et
1669 406 1741 438 re-

142 477 290 524 pones
320 461 568 524 diligenter
591 463 639 508 in
663 461 830 524 pyxide
855 461 1204 524 qualicumque3
1235 476 1342 508 cum
1365 460 1570 508 volueris
1592 463 1741 523 potio-

103 548 123 580 5
146 547 253 580 nem
291 532 401 580 dare
438 533 608 579 iecoris
645 533 756 578 vitio
794 531 1036 594 laboranti,
1073 533 1122 578 in
1160 530 1248 578 olla
1285 530 1357 578 vel
1390 531 1588 578 caccabo
1620 532 1741 593 rudi,

145 602 228 650 sed
279 609 492 665 excoct0‚
544 602 843 663 quartarium·
885 602 1178 662 faenograeci
1228 601 1492 663 decoques;
1542 602 1743 662 primam

144 687 309 734 aquam
347 672 529 735 fundeS‚
566 685 672 719 cum
704 672 884 718 fervere
916 673 1137 734 coeperit,
1176 677 1223 718 et
1253 671 1388 718 aliam
1417 671 1598 733 fundeS‚
1634 685 1742 718 cum

143 741 362 805 fervebit3
399 743 586 790 tertiam
624 755 798 803 coques
837 741 892 788 ad
929 742 1092 788 tertias
1131 747 1177 788 et
1206 755 1407 803 repones
1438 755 1532 804 vaS‚
1569 742 1617 787 in
1649 755 1740 803 quo

144 812 199 859 ad
237 814 399 860 tertias
437 812 679 859 decoxeris
717 811 902 858 faenum
941 825 1175 872 graecum,
1213 826 1319 858 cum
1355 825 1468 858 suco
1500 816 1547 857 et
1577 825 1741 857 umore

82 897 123 928 10
147 896 232 929 suo
270 890 317 929 et
352 882 460 929 inde
497 883 737 945 potionem
773 883 823 928 in
861 880 1053 928 calicem
1090 882 1248 927 mittes
1287 887 1333 927 et
1370 880 1512 927 addes
1551 880 1607 926 de
1641 880 1742 942 pul-

143 967 253 999 vere
301 967 441 1014 supra
480 954 656 1013 scripto
694 951 904 999 cocleare
942 950 1133 1013 plenum
1175 957 1222 997 et
1260 951 1443 1012 quando
1482 951 1652 1011 accipit
1687 952 1743 1013 is,

145 1023 223 1070 cui
266 1022 549 1069 medendum
594 1023 703 1084 erit,
757 1022 966 1082 digestus
1012 1027 1058 1068 et
1106 1021 1292 1067 ieiunus
1338 1021 1536 1081 accipiat
1580 1027 1626 1066 et
1670 1035 1742 1067 ac-

146 1097 328 1153 ceptam
364 1093 603 1154 potionem
639 1091 759 1138 bene
797 1091 991 1153 digerat,
1028 1093 1093 1138 ita
1125 1096 1192 1152 ut,
1231 1105 1339 1149 cum
1375 1089 1570 1153 biberit,
1607 1095 1742 1136 tenso

146 1161 337 1209 brachio
390 1162 553 1209 dextro
605 1163 754 1209 iaceat
803 1162 853 1207 in
904 1163 1007 1222 ipso
1058 1160 1231 1223 latere,
1284 1167 1331 1207 et
1380 1160 1470 1207 hoc
1521 1174 1607 1221 per
1658 1161 1744 1206 tri-

82 1246 123 1278 15
148 1231 294 1278 duum
333 1231 547 1279 similiter
585 1231 742 1295 faciat3
779 1231 893 1277 haec
930 1232 1059 1292 potio
1094 1231 1359 1277 iecoriticos
1391 1231 1529 1276 etiam
1558 1235 1743 1276 veteres

145 1303 263 1348 mire
302 1310 445 1348 sanat.

285 1370 492 1434 Epaticis
536 1370 682 1418 herba
727 1375 977 1418 centaurea
1021 1384 1078 1416 ex
1121 1370 1228 1416 vino
1274 1369 1464 1416 decocta
1513 1384 1565 1416 ac
1610 1371 1743 1430 potui

145 1442 316 1487 ieiunis
347 1441 450 1488 data
480 1441 676 1487 mirifice
708 1439 968 1487 auxiliatur.
1013 1438 1196 1486 Herbae
1222 1441 1478 1486 vettonicae
1502 1441 1551 1485 in
1575 1439 1742 1486 umbra

147 1511 374 1557 arefactae
417 1510 569 1572 pulvis
613 1525 669 1558 ex
714 1524 858 1571 aquae
904 1509 1078 1556 calidae
1123 1508 1301 1570 cyathis
1350 1509 1533 1556 duobus
1584 1510 1741 1556 ieiuno

83 1596 124 1626 20
147 1582 386 1628 iecoritico
423 1582 557 1642 potui
593 1580 729 1627 datus
765 1579 1010 1640 magnifice
1046 1579 1252 1640 prodest.

284 1649 416 1698 Potio
469 1649 774 1697 saluberrima
825 1649 882 1696 ad
934 1650 1140 1711 epaticos
1194 1663 1219 1695 a
1265 1647 1510 1695 Procliano
1561 1648 1743 1695 medico

146 1726 353 1768 ostensa:
391 1719 602 1767 Ficatum
639 1719 738 1781 lupi
774 1721 1011 1780 integrum
1048 1718 1171 1766 foliis
1209 1718 1330 1765 lauri
1366 1718 1572 1764 involves
1603 1724 1651 1765 et
1680 1720 1745 1765 ita

147 1790 203 1836 ad
242 1790 386 1836 solem
416 1790 488 1836 vel
517 1790 574 1836 ad
605 1791 760 1850 ignem
791 1789 989 1836 siccabis
1019 1795 1067 1835 et
1098 1790 1322 1835 siccatum
1354 1788 1602 1850 diligenter
1636 1788 1744 1835 sub-

147 1858 252 1905 latis
283 1859 404 1906 foliis
435 1861 484 1905 in
514 1859 754 1920 pulverem
784 1859 992 1921 rediges3
1032 1873 1169 1919 quem
1205 1858 1445 1919 pulverem
1477 1859 1526 1904 in
1557 1858 1744 1905 vasculo

85 1942 126 1975 25
148 1928 296 1975 nitido
342 1928 548 1975 servabis
593 1935 730 1989 atque
777 1943 835 1975 ex
878 1943 932 1975 eo
986 1927 1211 1974 coclearia
1264 1928 1356 1974 duo
1409 1942 1516 1974 cum
1567 1930 1744 1989 piperis

148 2000 305 2059 granis
343 1998 504 2045 decem
540 2000 665 2045 tritis
704 1998 884 2045 adiecto
921 1997 1056 2044 melle
1088 1999 1263 2058 optimo
1295 1997 1569 2059 despumato
1602 2012 1744 2059 quan-

147 2074 248 2114 tum
287 2068 488 2114 sufficiat
525 2083 631 2115 eum
670 2070 858 2115 caroeni
894 2067 1059 2130 cyatho
1097 2069 1146 2113 in
1181 2068 1370 2128 potione
1408 2069 1566 2114 ieiuno
1598 2067 1744 2131 dabis,

149 2152 288 2198 quam
325 2140 456 2199 prius
493 2138 619 2184 ferro
657 2137 870 2185 candenti
911 2137 1151 2184 calefacies
1190 2142 1237 2183 et
1267 2136 1515 2198 diligenter
1543 2139 1592 2183 in
1622 2152 1744 2184 mor-

149 2209 267 2253 tario
305 2207 612 2268 permiseehis
651 2208 927 2269 sedentique
965 2209 1014 2253 in
1043 2206 1162 2253 lecto
1194 2206 1339 2269 dabis,
1376 2208 1441 2253 ita
1471 2213 1525 2253 ut
1554 2212 1745 2268 accepta

47 2291 50 2294 ·
86 2291 127 2322 so
150 2278 338 2338 potione
384 2279 637 2324 contractis
682 2276 879 2339 genibus
924 2277 1038 2323 hora
1081 2278 1262 2337 integra
1304 2278 1353 2322 in
1399 2277 1562 2323 dextro
1599 2276 1744 2324 latere

149 2348 296 2394 iaceat
333 2354 379 2394 et
415 2353 576 2408 postea
613 2347 686 2394 vel
722 2361 814 2394 una
850 2347 964 2393 hora
1002 2345 1279 2393 deambulet.

291 2416 473 2464 Herbae
511 2417 741 2464 verbenae
780 2417 978 2463 solstitio
1016 2415 1162 2462 lectae
1196 2415 1348 2476 pulvis
1378 2417 1427 2462 in
1457 2415 1746 2463 coclearibus

155 2488 360 2547 quinque
392 2501 497 2533 cum
527 2488 623 2533 vini
655 2487 834 2533 Aminei
866 2486 1043 2548 cyathis
1073 2484 1226 2532 tribus
1255 2486 1414 2532 ieiuno
1443 2487 1577 2547 potui
1610 2486 1746 2533 datus

150 2556 343 2602 mirifice
374 2556 580 2620 prodest,
619 2557 699 2604 sed
732 2571 817 2617 pro
850 2562 997 2602 aetate
1029 2562 1109 2602 aut
1138 2555 1316 2602 viribus
1346 2557 1487 2602 unius
1517 2558 1746 2617 cuiusque

87 2638 129 2669 85
154 2626 389 2684 potionem
433 2625 577 2672 dabis.
651 2626 782 2672 Asini
825 2627 957 2672 iecur
1000 2627 1164 2673 tritum
1211 2639 1319 2672 cum
1370 2625 1656 2687 petroselino
1701 2632 1746 2672 et

294 2778 314 2814 1
346 2773 426 2813 rha.
455 2773 646 2828 Pontici]
677 2773 924 2828 reupontici
954 2774 1070 2816 Plin.

1774 1379 1826 1416 32

1771 1449 1823 1486 33

1774 1659 1828 1696 34

1777 2425 1829 2464 35

1777 2636 1830 2674 36
