1898 3016
763 128 1137 181 —265—

151 259 390 307 Confectio
428 265 583 306 autem
622 259 830 306 universi
867 258 1189 305 medicaminis
1218 258 1334 306 haec
1366 267 1457 306 est:
1498 259 1747 321 Sanguinis

148 329 288 377 huius
324 329 447 376 hirci
483 354 549 361 ——
580 327 663 391 ΙΙΙ,
711 329 889 390 piperis
926 327 1019 375 albi
1059 354 1118 361 —
1152 327 1192 391 Ι,
1236 328 1394 390 polypi
1431 331 1585 376 exusti
1622 331 1746 377 cine-

149 401 215 446 ris
246 425 309 433 —-
335 398 411 461 111,
442 398 590 460 thymi
617 424 687 432 -—
709 398 743 461 Ι,
780 398 905 460 pulei
936 425 996 431 —
1023 397 1057 461 1,
1088 400 1180 459 apii
1212 400 1404 445 seminis
1439 425 1499 432 —
1526 399 1558 461 1,
1589 406 1748 461 petro-

150 468 274 516 silini
310 468 599 516 Macedonici
634 494 704 501 —
733 468 766 531 1,
804 470 996 515 seminis
1034 467 1213 515 olisatri
1253 493 1313 501 --
1340 467 1374 515 Ι.
1433 468 1559 516 Haec
1592 472 1747 517 omnia

105 552 125 584 5
149 540 398 601 separatim
435 545 574 585 tunsa
618 544 666 584 et
702 538 758 584 ad
795 538 1083 585 levissimum
1119 537 1360 600 pulverem
1397 539 1585 586 redacta
1624 554 1746 587 com-

148 610 318 656 misces
356 614 403 655 et
439 607 571 655 dabis
607 608 809 671 infirmo,
844 607 1012 655 melius
1052 609 1092 655 si
1129 608 1203 655 die
1240 607 1362 655 Solis
1400 615 1480 656 aut
1509 608 1631 656 Iovis
1670 625 1745 656 co-

147 678 302 725 cliaris
339 691 608 725 mensuram
644 678 693 723 in
729 679 848 725 meri
885 679 1075 739 potione
1113 684 1194 726 aut
1224 680 1564 741 cuiuscumque
1595 679 1746 727 dulcis

146 747 315 809 poculi.
372 746 623 794 Providere
662 753 819 794 autem
857 747 1014 810 debes,
1052 754 1105 794 ut
1135 748 1315 808 digesto
1347 763 1399 795 30
1429 750 1587 796 10111110
1618 752 1745 810 potio

147 817 286 864 detur
322 822 369 864 et
404 831 595 863 rursum
634 823 686 864 ut
723 817 884 863 eadem
921 819 1112 878 potione
1149 817 1269 864 bene
1301 818 1481 880 digesta
1511 819 1641 866 cibos
1672 834 1746 867 ac-

83 899 123 930 10
147 887 309 949 cipiat‚
358 893 405 933 et
443 901 496 933 00
533 885 701 933 melius
747 888 856 950 erit,
902 889 941 933 si
978 887 1098 934 hanc
1135 889 1376 948 potionem
1412 903 1520 935 011111
1558 889 1746 936 condito

145 963 252 1017 post
288 955 526 1003 balineum
562 958 612 1002 in
650 955 836 1003 sabanis
875 956 1026 1003 adhuc
1065 959 1351 1004 constitutus
1392 960 1641 1019 acceperit.

287 1026 437 1088 Supra
469 1027 623 1073 omnia
654 1026 817 1073 efficax
848 1025 972 1073 aliud
1005 1041 1062 1073 ex
1093 1041 1148 1073 00
1179 1027 1322 1074 facies
1352 1028 1745 1076 medicamentum
1777 1039 1830 1078 95

145 1097 236 1144 sic:
277 1095 475 1158 Sanguis
513 1096 726 1143 hircinus
764 1111 817 1142 ea
854 1096 1180 1144 observatione
1219 1112 1310 1159 qua
1341 1112 1483 1159 supra
1513 1100 1746 1160 excipitur

144 1167 192 1212 in
229 1166 397 1227 patella
434 1166 586 1212 ferrea
624 1165 866 1230 candente,
903 1172 957 1213 ut
994 1167 1129 1213 aduri
1165 1169 1315 1228 possit
1351 1174 1399 1214 01
1436 1170 1605 1230 stringi
1639 1183 1746 1215 con-

82 1248 121 1279 15
144 1237 277 1283 tinuo
322 1237 424 1297 ipse
470 1237 680 1298 sanguis,
725 1237 790 1282 ita
833 1243 887 1283 ut
922 1242 1084 1298 postea
1126 1238 1175 1282 in
1211 1236 1452 1298 pulverem
1490 1238 1745 1301 redigatur,

144 1305 215 1351 vel
259 1311 388 1352 certe
434 1307 671 1352 continuis
716 1305 893 1367 aliquot
938 1306 1104 1353 diebus
1149 1306 1206 1352 ad
1254 1306 1399 1353 solem
1446 1309 1601 1369 ipsum
1644 1323 1745 1355 san-

144 1376 335 1436 guinem
371 1390 532 1439 pones,
570 1377 634 1422 ita
671 1381 725 1422 ut
754 1389 862 1422 rore
891 1377 983 1422 iam
1015 1376 1213 1423 decusso
1244 1383 1352 1437 post
1381 1377 1545 1424 horam
1577 1393 1743 1425 secun-

144 1445 248 1492 dam
286 1459 433 1506 ponas
471 1451 518 1492 et
554 1450 661 1492 ante
698 1459 869 1491 nonam
907 1445 1108 1506 colligas.
1168 1445 1478 1508 Posteaquam
1507 1450 1572 1494 ita
1602 1449 1746 1496 fuerit

145 1516 346 1562 siccatus
385 1517 588 1576 sanguis,
625 1521 679 1562 ut
714 1514 896 1562 nullum
934 1530 1149 1562 umorem
1178 1515 1362 1579 habeat,
1400 1517 1591 1578 colliges
1623 1520 1744 1565 eius-

79 1597 120 1627 20
143 1584 249 1631 (10111
287 1584 520 1632 crustulas
565 1590 611 1632 et
648 1590 774 1632 teres
813 1591 951 1646 atque
991 1600 1047 1631 ex
1084 1600 1139 1632 eo
1176 1585 1466 1633 levissimum
1502 1587 1745 1649 pulverem

142 1654 348 1718 rediges3
394 1654 561 1701 deinde
611 1656 813 1717 accipies
857 1654 1052 1701 herbam
1096 1655 1340 1719 tribolum‚
1390 1658 1526 1704 cuius
1570 1657 1743 1704 herbae

141 1726 298 1786 ipsum
334 1724 576 1786 tribulum,
613 1724 702 1771 hoc
741 1731 813 1771 est
847 1738 1008 1771 semen
1038 1727 1296 1789 spinosum,
1332 1728 1556 1790 proicies;
1595 1729 1745 1789 ipsam

143 1802 298 1841 autem
335 1794 528 1841 herbam
566 1794 733 1841 lectam
771 1794 828 1840 de
866 1794 982 1842 locis
1018 1796 1265 1842 maritimis
1311 1796 1529 1859 siccabis,
1573 1798 1744 1844 tundes

144 1870 190 1910 et
220 1866 268 1910 in
298 1863 540 1925 pulverem
563 1864 760 1925 rediges.
808 1863 1048 1911 Confectio
1073 1870 1229 1912 autem
1254 1866 1576 1913 medicaminis
1599 1869 1744 1914 totius

79 1942 120 1974 25
144 1933 258 1980 haec
304 1939 396 1980 est:
448 1933 631 1980 Herbae
669 1933 828 1980 triholi
866 1959 932 1966 --
963 1933 1024 1997 ΙΙ,
1069 1936 1246 1995 piperis
1284 1961 1351 1968 ——-
1382 1935 1444 1998 ΙΙ,
1481 1937 1745 1998 petrosilini

143 2002 433 2050 Macedonici
459 2029 529 2035 —
551 2002 607 2066 ΙΙ,
644 2003 743 2050 folii
780 2003 1016 2066 sertulam,
1053 2004 1101 2050 id
1139 2011 1211 2051 est
1248 2019 1468 2052 coronam
1497 2008 1595 2053 sive
1627 2007 1744 2054 sfae-

143 2087 243 2120 ram
281 2087 434 2120 unam.
486 2073 611 2120 Haec
650 2074 804 2119 omnia
842 2075 1093 2135 separatim
1123 2080 1260 2121 tunsa
1292 2082 1339 2122 et
1368 2076 1424 2122 ad
1454 2076 1743 2124 levissimum

142 2143 385 2204 pulverem
421 2143 608 2190 redacta
646 2157 755 2190 cum
792 2145 1016 2204 sanguine
1052 2143 1235 2190 hircino
1273 2145 1493 2192 miscebis
1531 2152 1579 2193 et
1612 2146 1743 2193 dabis

142 2214 328 2259 infirmo
374 2212 449 2260 die
497 2212 618 2259 Solis
663 2218 743 2259 aut
786 2213 906 2259 Iovis
952 2213 1166 2260 cocliaris
1210 2229 1479 2262 mensuram
1530 2217 1578 2262 111
1624 2219 1744 2263 meri

80 2291 120 2322 30
144 2284 332 2343 potione
371 2289 451 2330 aut
481 2284 822 2344 cuiuscumque
854 2282 1004 2329 dulcis
1034 2283 1244 2344 liquoris.
1304 2284 1554 2332 Providere
1587 2293 1743 2342 autem

144 2352 300 2415 debes,
337 2359 390 2399 ut
427 2353 607 2414 digesto
645 2354 898 2414 ieiunoque
936 2354 1064 2414 potio
1103 2353 1262 2417 detur3
1302 2369 1440 2415 quam
1475 2370 1583 2402 cum
1613 2370 1742 2402 acce-

145 2424 268 2481 perit
306 2424 386 2484 qui
420 2422 651 2469 calculum
681 2424 872 2485 patitur,
908 2437 1016 2469 mox
1046 2422 1224 2483 lapides
1255 2424 1433 2471 solutos
1465 2439 1625 2471 omnes
1656 2440 1742 2486 per

146 2492 331 2538 urinam
376 2494 570 2540 emittet.
636 2492 697 2539 Ut
733 2506 843 2538 vero
882 2491 1127 2539 admireris
1166 2495 1406 2554 sanguinis
1443 2494 1615 2541 hircini
1651 2497 1740 2542 vir·

290 2617 310 2652 1
358 2612 548 2665 sanguis.
735 2616 759 2653 3
805 2611 950 2654 thimi.
1138 2637 1190 2645 ——
1220 2613 1260 2667 Ι,
1303 2614 1552 2667 petrosilini
1595 2615 1738 2658 Mace-

145 2666 294 2708 donici
323 2691 375 2698 —
399 2668 437 2719 Ι,
477 2666 654 2709 seminis
685 2680 763 2710 om.
797 2669 1051 2711 Commius.
1155 2674 1177 2711 7
1208 2670 1446 2723 potionem.
1545 2676 1569 2714 8
1602 2671 1739 2716 debis.

147 2726 198 2763 11
231 2722 418 2765 balineo.
515 2727 565 2764 13
597 2725 811 2766 candente
843 2726 888 2767 et
917 2725 978 2768 ut.
1069 2729 1119 2766 19
1150 2726 1392 2768 humorem.
1479 2732 1532 2769 26
1565 2727 1737 2769 sferam.

146 2783 196 2820 31
232 2777 365 2821 debis.
483 2783 534 2820 32
567 2779 748 2821 calculo.
