1898 3016
759 75 1133 126 —115—

151 210 242 257 Alii
270 205 475 255 tunicula
507 205 579 252 vel
609 205 949 266 operimentum
980 204 1081 264 pari
1110 202 1246 249 modo
1276 201 1410 248 labiis
1439 202 1738 263 profuturum
1769 211 1794 250 7

153 286 205 327 ut
241 278 480 325 haerescat
509 276 792 336 inprimitur.
842 272 1012 319 Sevum
1042 272 1173 319 bovis
1203 271 1274 318 vel
1304 272 1437 319 vituli
1467 286 1575 318 cum
1605 272 1740 332 adipe
1770 281 1796 319 8

153 348 367 396 anserino
404 346 659 406 inpositum
696 345 838 390 rimas
875 344 1196 403 scissurasque
1234 343 1330 388 oris
1367 343 1541 402 optime
1575 343 1738 402 iungit.

149 417 262 478 Fagi
297 415 403 463 solia
441 413 822 461 commanducata
858 418 1056 474 prosunt
1090 411 1369 458 exulceratis
1398 410 1533 458 labiis
1565 418 1612 458 et
1641 413 1738 471 gin·
1769 419 1794 457 9

107 500 126 532 5
149 489 280 550 givis,
309 487 349 532 si
378 498 484 531 cum
515 497 678 530 umore
709 482 876 529 salivae
901 484 1196 543 inponantur.
1244 480 1508 542 Serpullum
1533 479 1739 542 herbam,
1772 488 1824 526 10

150 571 286 618 quam
318 553 433 602 Galli
469 552 666 614 gilarum
704 552 879 613 dicunt,
916 553 1102 598 ieiunus
1140 551 1220 598 diu
1259 550 1625 611 commanducet,
1664 551 1741 596 cui

149 642 200 673 os
238 624 412 687 fetebit,
449 630 495 669 et
528 622 725 682 gluttiat.
784 621 998 668 Murinus
1033 622 1165 682 ciniS,
1203 621 1250 667 id
1288 627 1360 667 est
1395 619 1548 681 pulvis
1586 621 1740 666 exusti
1773 627 1822 665 11

148 697 316 756 muris,
361 707 467 740 cum
512 691 646 738 melle
691 690 910 738 dentibus
961 691 1178 737 insrictus
1229 690 1424 737 halitum
1468 689 1601 736 fetidi
1644 690 1740 735 oris

150 764 374 812 emendat.
446 761 573 808 Folia
616 762 757 823 myrti
800 766 848 807 et
889 760 1074 806 lentisci
1118 761 1221 821 pari
1263 760 1470 820 pondere
1513 765 1559 806 et
1595 758 1739 819 gallae
1774 766 1823 802 12

88 847 128 878 ιο
150 834 363 896 Syriacae
401 831 643 878 dimidium
680 830 864 891 pondus
901 844 993 876 una
1031 831 1121 876 teri
1150 835 1336 890 oportet
1366 835 1413 875 et
1444 842 1602 890 sparsa
1632 829 1739 874 vino

149 918 283 950 mane
314 918 339 949 a
368 903 524 948 ieiuno
560 900 936 948 commanducari
972 899 1043 946 vel
1081 901 1153 945 ori
1189 898 1333 945 fetido
1370 899 1545 959 inponi.
1608 896 1739 957 Capi·
1774 904 1824 941 13

149 975 210 1020 tis
253 972 452 1034 leporini
495 971 649 1017 exusti
692 971 810 1016 cinis
855 983 962 1016 cum
999 969 1144 1015 nardo
1182 968 1256 1015 vel
1293 982 1400 1015 cum
1437 967 1574 1013 melle
1612 969 1741 1027 inpo-

150 1045 268 1090 situs
319 1042 434 1088 lenit
483 1039 794 1102 graveolentia
844 1040 939 1085 oris
993 1038 1161 1085 ulcera.
1239 1038 1444 1084 Acorum
1494 1036 1742 1083 Ponticum
1775 1043 1827 1080 14

150 1114 336 1159 ieiunus
372 1113 471 1158 vice
508 1111 713 1156 masticis
751 1109 956 1170 mandat,
1002 1109 1082 1169 qui
1123 1107 1361 1154 emendari
1405 1106 1606 1153 voluerit
1647 1108 1742 1152 oris

90 1194 129 1224 15
151 1182 359 1229 fetorem.
432 1180 603 1227 Contra
657 1180 751 1224 oris
803 1179 999 1224 fetorem
1052 1179 1295 1238 origanum
1347 1184 1394 1223 et
1445 1175 1589 1222 salem
1639 1177 1742 1236 pari
1775 1181 1825 1219 15

151 1265 370 1298 mensura
408 1256 622 1297 conteres
660 1254 706 1295 et
735 1248 842 1294 inde
873 1261 1006 1293 mane
1044 1262 1096 1293 ac
1134 1261 1328 1307 vespera
1365 1247 1573 1307 gingivas
1610 1245 1744 1291 frica-

152 1321 246 1381 bis3
294 1328 345 1367 ut
388 1334 497 1366 vero
542 1333 593 1364 os
638 1324 769 1365 tuum
808 1331 992 1378 semper
1028 1316 1146 1363 bene
1185 1316 1318 1377 oleat,
1357 1329 1581 1377 cyperum
1619 1329 1742 1361 com·

155 1390 378 1436 manduca
422 1388 494 1435 vel
537 1390 659 1434 intra
704 1401 756 1433 os
795 1393 918 1434 tene.
991 1385 1259 1432 Oscidinem
1294 1385 1440 1432 herba
1476 1384 1744 1431 Britannica
1776 1390 1827 1427 16

154 1459 315 1506 viridis
352 1464 533 1519 sumpta
571 1459 619 1504 in
656 1456 760 1503 cibo
797 1456 1004 1502 lactucae
1042 1455 1179 1502 modo
1224 1461 1376 1515 sanat3
1420 1456 1558 1501 tritae
1602 1455 1742 1500 etiam

91 1541 131 1572 20
154 1535 291 1590 atque
338 1541 584 1589 expressae
629 1540 772 1573 sucus
819 1527 860 1572 si
903 1540 984 1571 ore
1022 1526 1337 1585 contineatur,
1382 1525 1501 1570 mire
1538 1523 1744 1584 prodest.

154 1598 286 1652 Quod
332 1599 372 1644 si
414 1596 609 1643 viridem
652 1610 747 1642 non
789 1594 1031 1656 habueris,
1082 1595 1257 1641 aridam
1301 1594 1495 1640 infunde
1539 1594 1646 1639 vino
1700 1598 1747 1639 et

154 1667 320 1715 deinde
358 1681 488 1713 sume
526 1680 626 1712 eam
664 1671 711 1712 et
740 1666 948 1726 exprime
978 1664 1202 1725 illumque
1234 1678 1399 1710 sucum
1430 1665 1553 1709 intra
1587 1677 1639 1708 os
1670 1662 1745 1709 ad-

155 1737 287 1783 sidue
317 1744 423 1783 tene
454 1742 533 1782 aut
563 1737 700 1781 etiam
731 1734 971 1796 gargaliza,
1002 1736 1118 1780 mire
1148 1734 1353 1794 prodest.
1407 1733 1542 1779 Cicer
1572 1731 1745 1779 colum·
1779 1738 1829 1775 17

155 1807 316 1852 binum
360 1812 645 1852 maceratum
688 1806 944 1864 tritumque
993 1810 1040 1850 et
1083 1804 1281 1864 gingivis
1318 1802 1502 1848 inlitum
1540 1801 1746 1862 prodest.

94 1888 134 1918 25
156 1876 319 1923 Ulcera
356 1877 644 1936 gingivarum
682 1873 1058 1934 tossillarumque
1100 1871 1409 1919 carbunculos
1443 1871 1530 1918 hac
1565 1873 1747 1917 ratione
1781 1876 1831 1915 18

158 1945 364 1992 curabis:
400 1944 617 1990 Polentae
654 1949 811 2004 partes
849 1943 963 1989 duas
1001 1950 1048 1989 et
1084 1942 1192 1988 salis
1229 1948 1408 2002 partem
1450 1955 1592 1988 unam
1628 1940 1747 1987 hene

158 2022 398 2062 contusam
429 2015 724 2074 conspargito
755 2027 811 2058 ex
840 2012 1006 2074 mulso,
1036 2011 1202 2058 deinde
1234 2026 1288 2058 ex
1319 2011 1392 2057 his
1415 2025 1559 2071 panes
1581 2015 1748 2057 tenues

159 2085 296 2131 facito
341 2098 515 2145 eosque
560 2083 697 2129 furno
742 2089 822 2128 aut
865 2081 1046 2128 clibano
1091 2082 1282 2142 pistoris
1320 2082 1508 2141 coquito
1557 2085 1604 2126 et
1642 2093 1750 2126 cum

159 2169 276 2215 opus
314 2154 469 2214 suerit,
506 2152 624 2198 bene
663 2153 891 2198 contritos
928 2166 985 2197 ex
1023 2165 1140 2211 aqua
1177 2151 1375 2211 gingivis
1405 2149 1603 2211 inlinito,
1641 2163 1748 2195 con-

97 2234 138 2265 30
160 2226 290 2271 tinuo
329 2223 630 2270 sanabuntur.
674 2221 868 2267 Arboris
899 2222 1041 2281 pruni
1070 2220 1176 2266 folia
1208 2234 1312 2266 cum
1345 2221 1450 2265 vino
1482 2219 1749 2279 decoquun-
1783 2223 1832 2261 19

161 2302 257 2355 tur,
302 2307 463 2339 eorum
507 2306 650 2338 sucus
693 2305 944 2352 expressus
988 2292 1110 2336 intra
1156 2304 1207 2335 os
1245 2294 1456 2335 retentus
1493 2287 1761 2349 plurimum·

162 2363 364 2423 prodest.
437 2361 692 2408 Galbanum
737 2360 870 2407 melle
913 2359 1171 2406 delibutum
1216 2358 1372 2406 ulcera
1409 2359 1457 2403 in
1496 2371 1592 2420 ore,
1631 2371 1748 2418 quae
1780 2362 1834 2400 20

164 2431 327 2478 Graeci
363 2431 556 2492 aphthas
593 2437 778 2492 vocant,
815 2429 1001 2476 inlitum
1038 2435 1181 2475 sanat⁴
1252 2427 1408 2474 Pulvis
1445 2427 1750 2474 tenuissimus
1782 2432 1831 2469 21

166 2503 283 2547 costi
311 2500 561 2564 ulceribus,
599 2515 716 2561 quae
746 2501 795 2546 in
826 2514 905 2546 ore
937 2505 1089 2561 erunt,
1119 2498 1358 2558 adpositus
1396 2498 1511 2543 mire
1545 2496 1751 2557 prodest.

278 2666 302 2703 2
333 2662 400 2716 ut]
432 2663 520 2705 aut.
613 2667 638 2705 8
668 2662 836 2704 faetidi.
933 2666 982 2703 11
1013 2660 1166 2702 sedito.
1255 2662 1306 2700 15
1337 2657 1491 2700 feture.
1578 2659 1631 2699 25
1661 2658 1753 2698 tos·

169 2716 471 2769 senarumque.
551 2722 603 2759 32
634 2717 883 2760 dilibutum.
1026 2720 1078 2758 33
1109 2715 1260 2769 aphas.
1359 2718 1413 2756 34
1442 2713 1640 2767 prodest]
1672 2712 1751 2754 est.

1444 2783 1501 2825 8*
