1898 3016
745 87 1091 138 ...39-

123 216 378 266 sedandum
423 218 562 263 etiam
607 218 654 263 in
699 222 980 278 perpetuum
1017 216 1222 277 prodest.
1296 215 1391 263 Tus
1430 223 1476 263 et
1515 231 1716 278 myrram

123 294 170 334 et
205 301 343 333 ovum
375 286 513 333 simul
543 292 668 333 teres
699 294 745 334 et
775 286 919 333 fronti
947 286 1142 333 induces
1173 285 1244 332 vel
1275 286 1578 348 temporibuS,
1609 301 1716 334 cum

123 356 306 405 subitus
359 357 600 403 emicranii
651 356 782 403 dolor
834 356 986 403 fuerit.
1064 355 1206 402 Laser
1252 355 1557 417 Cyrenaicum
1609 370 1716 403 cum

121 434 250 475 aceto
286 432 385 473 tere
417 432 464 472 et
493 425 636 472 inline
667 426 868 473 frontem
899 440 1006 472 cum
1036 425 1339 486 temporibus.
1398 425 1715 474 Emicranium

0 515 1 518 ¹
76 498 274 545 ostatim
319 501 485 543 curant
529 509 710 542 vermes
756 497 933 542 terreni
977 497 1078 556 pari
1116 509 1311 542 numero
1349 497 1538 542 sinistra
1577 510 1716 542 manu

118 567 226 615 lecti
270 572 316 613 et
359 567 406 612 in
444 565 602 611 limine
640 580 746 612 cum
784 572 910 612 terra
949 565 1005 611 de
1044 565 1202 612 limine
1239 565 1401 612 eadem
1439 580 1579 612 manu
1617 567 1717 612 triti

118 644 164 684 et
208 650 314 683 cum
358 643 488 682 aceto
533 636 706 696 optimo
751 635 911 681 eadem
957 649 1097 682 manu
1135 635 1279 682 fronti
1316 635 1387 681 vel
1424 635 1717 696 temporibus

117 705 256 769 inliti,
303 719 408 752 cum
447 704 578 751 dolor
616 705 814 765 urgebit.
874 703 1058 751 Fimum
1097 704 1168 751 vel
1206 706 1413 751 cinerem
1451 705 1714 752 coclearum

118 782 164 823 et
200 789 395 836 granum
433 776 617 835 senapis
655 789 762 821 cum
800 780 930 820 aceto
968 774 1024 820 ad
1064 781 1223 820 ternos
1254 774 1485 835 scripulos
1516 777 1714 821 miscere

54 857 94 888 10
118 852 164 893 et
201 844 489 906 temporibus
527 844 714 890 inlinire
751 844 955 905 prodest.
1015 843 1170 890 Herba
1209 850 1418 890 strumus
1450 851 1496 891 et
1527 853 1712 891 stercus

118 917 352 962 murinum
391 916 591 961 contrita
621 921 667 960 et
697 928 752 960 ex
784 921 914 960 anto
947 914 1088 960 fronti
1118 913 1247 960 inlita
1279 913 1497 960 celeriter
1528 913 1712 960 dolores

117 987 254 1032 etiam
300 985 580 1030 eterocranii
623 983 821 1030 abolent.
896 982 1108 1030 Ossicula
1153 985 1201 1029 in
1247 985 1396 1044 capite
1442 985 1574 1044 porci
1619 983 1711 1030 duo

117 1054 391 1101 naturaliter
421 1054 569 1099 forata
598 1054 915 1115 inveniuntur,
953 1053 1000 1099 id
1032 1059 1103 1099 est
1133 1067 1279 1099 unum
1310 1055 1357 1099 in
1389 1053 1550 1099 dextra
1582 1061 1713 1114 parte

118 1131 164 1171 et
201 1124 322 1171 aliud
361 1125 410 1170 in
448 1125 658 1170 sinistra:
696 1138 813 1184 quae
853 1129 1036 1183 reperta
1073 1129 1119 1169 et
1149 1125 1352 1184 reposita
1383 1130 1430 1170 et
1459 1138 1566 1170 cum
1598 1137 1716 1184 opus

56 1204 97 1236 ιδ
121 1194 275 1255 fuerit,
311 1193 418 1240 licio
457 1207 681 1254 suspensa
720 1192 960 1239 medellam
1000 1194 1154 1254 capiti,
1193 1200 1332 1253 prout
1369 1194 1555 1239 inventa
1594 1202 1716 1254 sunt,

116 1270 382 1326 praestant,
434 1263 480 1308 id
536 1269 608 1309 est
656 1262 873 1308 dextrum
927 1262 1146 1308 dexterae
1199 1264 1321 1322 parti
1372 1268 1419 1308 et
1472 1264 1716 1310 sinistrum

117 1335 354 1395 sinistrae3
403 1332 483 1379 sed
531 1338 716 1393 praeter
758 1338 803 1378 te
850 1338 896 1378 et
940 1345 1131 1392 aegrum
1176 1331 1376 1378 ossicula
1414 1333 1584 1378 tertius
1622 1346 1716 1380 non

118 1404 376 1465 contingat,
422 1416 540 1462 quae
578 1401 633 1448 ad
670 1401 789 1448 hanc
826 1403 1154 1448 necessitatem
1192 1401 1347 1462 colligi
1383 1401 1631 1462 diligenter
1669 1409 1716 1449 et

119 1474 294 1520 servari
324 1471 507 1518 debent.
559 1471 741 1532 Piperis
764 1485 904 1531 grana
929 1469 1055 1532 XXI,
1087 1472 1262 1518 murini
1285 1472 1382 1517 fimi
1404 1471 1570 1533 pilulas
1594 1471 1714 1534 XXI,

54 1553 96 1584 πο
120 1543 293 1603 sinapis
347 1547 572 1602 quantum
625 1541 776 1587 tribus
830 1541 985 1601 digitis
1037 1542 1190 1608 possis
1245 1540 1429 1604 tollere,
1488 1548 1613 1588 teres
1666 1548 1715 1588 et

116 1620 245 1659 aceto
291 1612 387 1657 acri
427 1610 482 1657 ad
521 1612 668 1657 cerati
705 1610 894 1657 modum
931 1610 1238 1671 permiscebis
1277 1617 1324 1657 et
1359 1612 1423 1658 ita
1462 1611 1605 1658 fronti
1642 1613 1711 1658 in·

114 1695 261 1743 pones
306 1687 353 1727 et
397 1679 521 1727 aluta
566 1680 769 1760 desuper
806 1686 949 1741 teges
1008 1679 1193 1727 Laseris
1231 1694 1426 1742 granum
1464 1681 1715 1728 medicina-

114 1751 237 1798 libus
282 1750 440 1810 digitis
485 1752 588 1796 auri
633 1751 755 1796 inice
800 1764 856 1796 ex
901 1765 955 1796 ea
999 1758 1153 1811 parte,
1206 1763 1316 1811 qua·
1341 1758 1481 1811 caput
1525 1750 1714 1814 dolebit,

116 1822 271 1867 statim
308 1819 532 1881 proderit.
592 1818 773 1865 Herbae
811 1818 1001 1866 meliloti
1041 1821 1263 1866 interiora
1301 1827 1347 1866 et
1385 1822 1459 1866 ovi
1496 1822 1618 1867 cocti
1648 1823 1713 1868 vi-

49 1898 92 1932 ετ)
116 1890 277 1937 tellum
308 1903 413 1936 cum
444 1890 550 1935 vino
583 1889 764 1935 modico
795 1894 895 1935 tere
927 1889 1174 1950 diligenter
1206 1895 1252 1936 et
1274 1889 1381 1936 inde
1407 1892 1712 1938 emicranium

115 1959 185 2006 vel
215 1967 425 2020 tempora
457 1973 575 2020 quae
606 1958 830 2005 dolebunt
860 1958 1017 2020 inline,
1049 1959 1295 2006 confestim
1327 1959 1525 2006 sanabis.
1581 1960 1710 2007 Pam-

113 2031 275 2090 pinum
323 2031 543 2076 continuo
593 2028 650 2074 de
694 2030 786 2075 vite
832 2028 1004 2075 lectum
1051 2043 1158 2075 cum
1203 2029 1303 2075 oleo
1349 2044 1523 2091 coques
1569 2037 1709 2091 atque

114 2099 252 2146 simul
298 2100 422 2145 tritis
474 2098 722 2159 diligenter
772 2103 980 2158 tempora
1034 2098 1216 2145 inlines.
1289 2098 1354 2144 De
1406 2101 1554 2146 muris
1601 2101 1708 2146 fimo

113 2168 279 2230 pilulas
324 2174 502 2229 septem
548 2174 672 2214 teres
718 2174 764 2214 et
808 2182 914 2213 cum
960 2174 1090 2214 aceto
1129 2168 1273 2214 fronti
1309 2168 1380 2214 vel
1418 2169 1708 2230 temporibus

50 2247 91 2279 80
116 2237 380 2285 dolentibus
417 2237 598 2284 inlines.
666 2237 714 2284 Si
752 2239 822 2282 vir
859 2244 938 2284 aut
975 2237 1249 2284 adulescens
1288 2244 1367 2284 aut
1404 2239 1556 2284 infans
1595 2241 1705 2285 emi-

115 2309 323 2354 cranium
369 2309 591 2368 patietur,
644 2306 883 2368 observet,
929 2313 980 2353 ut
1026 2321 1211 2368 semper
1262 2307 1370 2354 luna
1417 2309 1613 2369 septima
1666 2314 1712 2356 et

1747 226 1771 264 2

1747 366 1771 403 3

1746 435 1773 472 4

1747 1830 1798 1868 10

1743 1971 1790 2007 11

1741 2109 1792 2146 12

1744 2248 1795 2286 13

115 2379 309 2438 septima
355 2377 532 2424 decima
579 2383 624 2423 et
668 2378 918 2424 vicensima
964 2378 1159 2443 septima
1197 2391 1247 2423 se
1284 2377 1496 2424 tondeat:
1542 2379 1747 2425 mirum·

226 2515 250 2552 5
283 2513 407 2554 curat
436 2516 512 2554 Im
543 2512 698 2552 curant
725 2515 816 2554 2m.
962 2516 986 2553 6
1017 2510 1062 2552 in
1092 2511 1245 2554 limite.
1375 2517 1399 2554 9
1430 2512 1606 2566 senapis
1638 2516 1663 2555 1
1673 2526 1714 2555 m

116 2566 280 2620 sinapis
324 2570 418 2609 2m.
618 2571 669 2608 12
715 2567 993 2620 eterogranii.
1186 2571 1234 2608 13
1281 2566 1481 2609 dextram
1524 2569 1710 2622 partem.

121 2626 170 2663 15
196 2635 416 2676 sospensa.
505 2626 556 2665 17
581 2623 775 2664 sinestre.
868 2627 916 2664 19
942 2636 1127 2664 servare.
1212 2627 1264 2664 20
1290 2624 1465 2676 quanto.
1560 2637 1712 2677 posses

114 2676 235 2720 tolle.
308 2683 359 2720 21
385 2678 461 2733 ad]
487 2692 523 2719 a.
597 2682 649 2720 23
674 2681 719 2721 et
741 2691 806 2720 ex.
882 2683 934 2720 25
958 2678 1073 2720 terit.
1148 2683 1200 2721 27
1226 2692 1432 2732 quoqueS.
1507 2684 1560 2722 28
1591 2681 1710 2722 trito.

115 2738 168 2775 30
198 2734 323 2777 lines.
438 2734 716 2788 migranium.
830 2739 881 2776 31
914 2737 959 2776 et
989 2734 1181 2787 septima
1209 2747 1287 2777 om.
1396 2739 1449 2777 32
1480 2736 1712 2778 tundeant.
