1898 3016
811 122 868 127 -—
949 94 1049 143 112
1124 100 1198 128 —'

196 228 243 267 et
288 222 532 267 formatam
577 221 767 282 pilulam
812 222 1061 268 rotundam
1099 222 1292 269 naribus
1329 224 1531 287 inseres3
1575 224 1792 271 omnibus

113 297 165 334 58
199 293 321 337 vitiis
358 298 578 352 purgatas
618 306 755 338 nares
787 294 878 338 cito
909 291 966 338 ad
998 293 1244 338 sanitatem
1274 293 1516 354 perduces.
1568 293 1792 356 Polypum

197 361 412 407 emendat
442 361 585 408 herba
617 361 967 425 proserpinalis,
998 376 1115 423 quae
1140 361 1314 408 Graece
1346 363 1662 425 draconteum,
1690 363 1791 410 Gal-

195 430 284 477 lice
322 433 510 492 gigarus
548 431 820 493 appellatur,
857 431 930 477 vel
968 433 1009 477 si
1046 446 1187 478 sucus
1225 434 1326 478 eius
1361 433 1551 480 naribus
1581 434 1792 480 infunda-

198 507 274 546 tur
311 502 381 547 vel
428 503 468 547 si
512 516 715 563 papyrus
762 501 869 547 iude
907 501 1077 547 infecta
1117 508 1163 547 et
1201 502 1390 562 specillo
1428 503 1631 549 involuta
1671 505 1790 549 nari·
1817 519 1836 548 5

196 570 286 617 bus
316 573 552 617 inseratur
583 578 630 617 et
659 577 844 632 postera
877 571 952 617 die
984 571 1223 618 educatur.
1285 571 1457 618 Omnes
1489 575 1611 619 enim
1644 572 1794 619 morbi

113 645 164 682 59
197 640 377 686 radices
417 641 599 687 extrahi
628 644 730 687 eius
761 642 1013 687 iniectione
1043 642 1341 692 manifestum
1373 648 1456 689 est.
1516 642 1662 689 Nares
1693 657 1793 703 gra-

197 712 314 756 viter
359 710 539 757 olentes
585 711 800 757 emendat
844 725 985 757 sucus
1023 711 1229 758 hederae
1281 712 1551 773 frequenter
1595 713 1792 759 infusuS.

114 785 166 823 60
197 779 341 826 Cuius
379 795 516 827 nares
554 781 786 843 fetebunt,
833 780 1189 843 remediabitur,
1235 783 1276 827 si
1319 796 1456 828 nares
1503 782 1615 828 muli
1660 797 1793 829 oscu-

196 849 343 913 letur3
382 850 598 897 similiter
634 851 846 912 proderit
876 850 1075 912 mulieri,
1114 852 1154 897 si
1183 866 1320 897 nares
1352 852 1502 898 mulae
1535 852 1793 910 basiaverit.
1818 867 1857 897 10

113 925 164 961 61
198 918 289 973 Qui
325 920 545 982 polypum
583 922 774 982 patitur,
811 920 1046 966 brassicae
1085 922 1311 967 erraticae
1347 922 1548 968 radicem
1582 929 1794 968 conterat

197 998 243 1036 et
288 991 390 1036 eius
435 1005 600 1037 sucum
646 991 838 1037 adsidue
885 990 1076 1036 naribus
1123 998 1349 1051 quantum
1396 994 1604 1051 potuerit
1641 992 1794 1054 ducat,

113 1064 165 1100 62
195 1060 318 1106 intra
362 1060 571 1107 triduum
617 1060 965 1106 remediabitur.
1034 1060 1208 1107 Sucum
1254 1060 1454 1107 hederae
1499 1068 1546 1107 et
1583 1061 1792 1108 aristolo-

196 1131 312 1175 ciam
352 1137 398 1176 et
436 1144 658 1191 cyperum
691 1136 737 1176 et
768 1130 1046 1176 draconteae
1078 1144 1236 1176 semen
1269 1137 1315 1176 et
1345 1130 1601 1177 melilotum
1632 1133 1794 1192 aequis

195 1201 430 1245 mensuris
462 1205 652 1246 contere
685 1215 737 1246 ac
770 1199 960 1259 naribus
990 1199 1204 1262 infunde3
1243 1214 1334 1261 quo
1367 1201 1487 1247 sacto
1519 1216 1613 1247 non
1644 1201 1793 1248 solum
1818 1215 1857 1246 15

110 1273 161 1309 63
195 1269 412 1330 fetorem,
459 1263 554 1315 sed'
587 1271 727 1315 etiam
774 1283 1019 1315 cancroma
1057 1271 1240 1316 narium
1279 1269 1478 1317 curabis.
1541 1271 1662 1317 Naso
1693 1285 1794 1332 gra-

192 1340 315 1384 viter
352 1339 505 1385 olente
538 1354 680 1385 sucus
710 1339 911 1385 hederae
944 1339 1216 1400 frequenter
1246 1339 1523 1401 infunditur,
1555 1341 1793 1387 dracontei

195 1423 383 1469 quoque
422 1423 566 1455 sucus
605 1423 712 1456 cum
750 1409 885 1455 melle
923 1409 1115 1471 inditur,
1155 1424 1271 1470 quae
1310 1424 1387 1456 res
1419 1412 1555 1457 etiam
1587 1413 1792 1458 carcino-

110 1483 162 1521 64
195 1486 314 1524 mata
360 1481 573 1541 extirpat.
648 1479 788 1525 Ficus
834 1481 972 1525 etiam
1021 1486 1202 1525 veteres
1248 1481 1474 1526 contritae
1524 1488 1570 1527 et
1614 1483 1662 1527 in
1706 1480 1792 1527 olla

195 1563 302 1594 cum
339 1564 479 1610 posca
519 1555 677 1596 coctae
718 1549 908 1595 naribus
946 1550 1250 1612 instipantur;
1293 1549 1381 1596 hoc
1420 1552 1572 1597 omnia
1610 1552 1791 1597 narium
1816 1565 1856 1595 20

110 1624 162 1661 65
195 1620 303 1664 vitia
342 1619 572 1665 emendat.
644 1618 763 1665 Ruta
803 1634 858 1665 ex
897 1625 1026 1665 aceto
1065 1621 1161 1665 acri
1200 1621 1461 1666 conteritur
1502 1627 1640 1681 atque
1684 1621 1791 1666 inde

193 1689 385 1749 pinnula
416 1690 718 1751 intinguitur3
757 1703 807 1734 ea
840 1690 888 1734 in
919 1703 1055 1734 nares
1093 1691 1303 1735 coniecta
1342 1692 1614 1751 sanguinem
1646 1690 1791 1736 fluen-

111 1765 162 1802 66
194 1764 287 1804 tem
327 1759 579 1805 efficaciter
616 1758 815 1805 cohibet.
877 1758 1070 1805 Stercus
1104 1760 1259 1805 asinae
1292 1760 1472 1806 aridum
1504 1760 1694 1806 naribus
1726 1763 1792 1806 in-

193 1829 382 1875 frictum
430 1831 702 1889 sanguinem
750 1831 850 1875 sine
895 1830 1241 1875 intermissione
1286 1828 1507 1876 fluentem
1555 1832 1646 1876 cito
1684 1844 1790 1876 con-

111 1905 162 1942 67
194 1900 358 1959 pescit.
432 1899 626 1945 Stercus
672 1898 949 1945 caballinum
996 1900 1294 1959 exprimitur,
1339 1899 1449 1946 dum
1494 1914 1659 1946 recens
1706 1908 1854 1957 est,25

194 1970 388 2029 eiusque
442 1983 585 2015 sucus
629 1968 822 2015 naribus
867 1968 1069 2015 trahitur
1121 1968 1177 2014 ab
1231 1983 1304 2031 eo,
1365 1972 1440 2015 cui
1492 1972 1789 2030 inportunius

111 2045 162 2083 68
194 2038 358 2084 fluunt.
433 2038 652 2085 Radicem
693 2038 945 2100 symphyti,
996 2038 1119 2099 quod
1165 2038 1287 2084 alum
1334 2038 1558 2085 Gallicum
1605 2039 1789 2102 dicitur,

111 2115 162 2152 69
195 2108 552 2155 commanducet
591 2115 637 2155 et
674 2108 839 2169 glutiat
878 2110 958 2169 qui
989 2108 1215 2169 profluvio
1254 2110 1437 2155 narium
1475 2109 1665 2155 laborat.
1721 2109 1786 2154 Ad

194 2193 354 2224 aurem
400 2179 608 2225 eiusdem
653 2180 820 2240 partiS,
871 2178 927 2224 de
973 2193 1062 2238 qua
1107 2192 1191 2238 per
1236 2193 1393 2224 narem
1440 2181 1628 2239 sanguis
1673 2178 1789 2239 ssuit,

193 2248 287 2294 dici
324 2254 509 2309 oportet
546 2256 618 2294 ter
656 2250 816 2294 novies
857 2262 1090 2308 σοκσοκαμ
1126 2262 1330 2308 συκυμα;
1371 2251 1507 2294 etiam
1539 2256 1698 2309 postea
1731 2250 1788 2294 si-
1813 2262 1853 2292 ao

110 2325 161 2362 70
193 2318 366 2364 militer
403 2319 544 2364 dices.
619 2318 807 2364 Scribes
851 2320 898 2363 in
944 2318 1101 2363 charta
1140 2320 1317 2377 virgine
1356 2326 1402 2364 et
1439 2318 1556 2364 collo
1596 2333 1788 2379 suspen-

194 2388 274 2434 des
314 2388 407 2434 lino
446 2388 553 2434 rudi
590 2388 783 2448 ligatum
825 2387 972 2434 tribus
1011 2387 1145 2433 nodis
1187 2389 1249 2449 ei,
1295 2390 1374 2448 qui
1418 2388 1647 2448 profluvio
1686 2402 1786 2434 san-

110 2464 160 2502 71
193 2459 347 2517 guinis
371 2458 570 2504 laborat:
599 2469 638 2518 ψ
658 2469 741 2517 αψ
760 2468 1232 2518 εψηψεψηψαψ
1250 2474 1281 2503 ε.
1317 2457 1364 2503 Si
1388 2459 1436 2503 in
1460 2472 1600 2504 manu
1625 2458 1785 2504 dextra

304 2582 331 2617 4
369 2577 406 2618 si
443 2591 522 2620 om.
561 2583 660 2620 ante
697 2591 837 2620 sucus.
982 2581 1006 2618 5
1049 2576 1236 2629 spicillo.
1383 2583 1433 2620 13
1473 2578 1784 2620 aristolooium.

195 2637 245 2674 19
277 2634 490 2689 extirpat]
522 2634 718 2686 exurpat.
849 2634 984 2674 ollam
1015 2645 1112 2674 com
1143 2645 1289 2685 posca.
1419 2638 1472 2675 22
1503 2633 1786 2689 intinguitur]

191 2688 414 2786 Ξιὲῇῗὶἱέἓιέῃ
529 2695 582 2732 27
621 2688 900 2731 balcallicum
943 2690 1036 2742 (sie)
1070 2700 1153 2740 pro
1192 2688 1310 2730 alum
1342 2688 1453 2731 Gall.
1582 2695 1633 2732 31
1666 2690 1786 2731 dicis.
