1930 3008
752 137 1130 187 —373—

140 269 402 332 adpositum
438 282 526 314 nec
570 267 725 314 minus
769 263 899 312 utilis
947 269 1018 311 est
1058 262 1297 324 portulaca
1331 267 1470 324 atque
1500 261 1737 324 plantago;

142 340 334 403 spongia
380 351 566 400 quoque
613 335 790 383 Rhodia
834 334 907 381 vel
943 333 1158 381 Africana
1207 331 1358 379 mollis
1403 346 1459 379 ex
1503 344 1620 392 aqua
1658 331 1738 376 fri·

143 409 246 471 gida
293 408 502 470 adposita
545 409 694 469 iuvat3
744 404 896 451 lanam
944 405 1082 450 etiam
1129 402 1338 450 sucidam
1383 415 1489 448 rosa
1542 409 1588 447 et
1631 401 1737 446 vino

24 527 26 533 .
140 479 361 527 infectam
398 478 509 539 poni
546 476 783 537 convenit3
822 473 1019 521 subinde
1051 479 1206 520 autem
1237 472 1352 519 haec
1384 472 1537 518 omnia
1567 472 1740 517 mutari

23 553 37 605 ζ’
102 566 122 599 5
145 555 343 611 oportet,
382 549 654 609 priusquam
692 544 918 592 calefiant.

44 612 46 618 '
282 617 480 664 Prodest
517 623 564 664 et
599 616 856 662 lomentum
894 613 1024 660 fabae
1062 612 1250 660 molitae
1282 625 1389 658 cum
1421 611 1519 657 suis
1550 608 1740 656 valvulis
1770 622 1826 660 40

143 689 316 736 factum
348 693 478 734 aceto
509 700 562 733 ac
592 685 727 732 melle
759 684 958 731 dilutum
988 689 1127 745 atque
1158 684 1220 729 ita
1250 682 1544 743 impositum3
1584 679 1742 726 educit

145 760 267 806 enim
307 757 578 818 sanguinem
616 761 663 801 et
700 754 907 801 dolorem
945 753 1078 800 levat.

24 870 27 894 Δ,
283 826 408 873 Belle
454 826 630 872 faciunt
680 831 727 870 et
770 823 886 870 mala
932 825 1077 870 citrea
1123 835 1262 883 quam
1299 822 1495 868 maxima
1534 821 1741 882 quinque
1771 831 1824 869 41

83 915 120 945 ιο
145 904 276 945 cocta
314 911 370 943 ex
407 897 526 942 aceti
556 895 771 941 sextariis
801 892 970 955 tribuS,
1009 892 1156 938 donec
1186 891 1368 937 madida
1400 890 1532 952 fiant3
1572 888 1742 950 quibus

145 969 271 1014 tritis
308 966 509 1013 adicitur
545 964 761 1011 aluminis
798 963 897 1009 fissi
934 963 1070 1009 uncia
1108 975 1214 1022 una,
1252 974 1432 1022 myrrae
1471 960 1610 1006 uncia
1650 972 1743 1004 una

146 1043 284 1099 atque
323 1037 384 1082 ita
424 1034 709 1095 malagmatis
747 1047 876 1079 more
915 1032 1112 1078 ferventi
1148 1030 1380 1091 podagrae
1426 1031 1746 1090 imponuntur.

286 1106 411 1152 Bene
450 1105 560 1150 facit
597 1110 643 1150 et
681 1103 779 1149 aloe
811 1108 941 1148 aceto
973 1101 1117 1148 diluta
1153 1107 1199 1147 et
1229 1114 1314 1161 per
1343 1098 1584 1160 pinnulam
1614 1097 1742 1159 pedi·
1772 1107 1826 1144 42

23 1217 27 1243 l
112 1195 117 1198 ’
148 1177 237 1223 bus
267 1175 479 1236 inducta3
510 1175 668 1234 opium
701 1186 886 1234 quoque
916 1171 1034 1218 lacte
1066 1169 1284 1216 muliebri
1314 1169 1511 1216 dilutum
1544 1175 1590 1215 et
1618 1169 1744 1214 simi-

22 1311 26 1314 ·
88 1262 128 1293 15
150 1246 259 1293 liter
295 1244 478 1291 inlitum
517 1245 656 1290 iuvat.

25 1323 27 1326 ’
287 1314 482 1360 Mirifice
527 1313 616 1359 hoc
662 1310 940 1372 cataplasma
982 1309 1212 1371 podagrae
1250 1308 1442 1355 cuilibet
1479 1308 1744 1368 superposi-
1775 1316 1826 1354 43

148 1394 249 1437 tum
293 1383 530 1445 medetur;
575 1381 696 1429 tollit
740 1382 862 1427 enim
909 1379 1065 1427 triduo
1111 1378 1340 1441 dolorem,
1385 1377 1578 1424 lomenti
1616 1391 1744 1423 more
1804 1374 1806 1376 ’

150 1455 459 1516 compositum
507 1455 593 1499 sic:
646 1450 857 1498 Feniculi
903 1450 1093 1510 seminis
1140 1449 1292 1510 cyathi
1336 1447 1452 1510 du0,
1497 1448 1648 1494 musci
1689 1446 1746 1493 de

150 1531 313 1585 stagno
345 1518 498 1585 cyathi
529 1522 635 1583 duo,
665 1521 879 1582 polentae
910 1521 1066 1566 tenuis
1097 1518 1250 1580 cyathi
1281 1518 1387 1564 duo.
1433 1517 1747 1564 Commiscen-

87 1610 128 1641 20
150 1601 229 1642 tur
259 1594 373 1639 haec
402 1594 450 1638 in
491 1606 633 1638 unum
674 1596 868 1637 contusa
905 1591 1014 1636 trita
1053 1594 1192 1649 atque
1223 1587 1402 1648 molita3
1440 1586 1607 1633 deinde
1639 1601 1747 1633 con-

152 1668 437 1725 sparguntur
482 1676 600 1722 aqua
651 1660 842 1722 pluviali
886 1666 932 1706 et
975 1660 1038 1705 ita
1083 1664 1427 1720 temperantur,
1473 1671 1531 1702 ne
1577 1656 1749 1703 durum

152 1736 213 1781 sit
256 1732 646 1780 medicamentum
692 1744 807 1777 neve
854 1731 913 1776 sit
951 1734 1171 1790 aquatum
1208 1729 1370 1790 nimis3
1415 1726 1540 1787 quod
1576 1727 1749 1787 inposi-

151 1811 251 1851 tum
296 1803 511 1863 protinus
556 1800 696 1861 levat,
740 1799 787 1845 id
834 1805 905 1845 est
947 1800 1071 1845 intra
1114 1797 1323 1844 triduum
1368 1796 1488 1843 tollit
1526 1795 1749 1842 dolorem.

154 1873 345 1920 Constat
389 1877 543 1917 autem
589 1884 716 1931 eum,
770 1871 851 1930 qui
894 1869 983 1915 hoc
1019 1865 1334 1914 'medicamine
1381 1873 1451 1912 ter
1494 1868 1543 1911 in
1588 1879 1749 1911 mense

93 1957 133 1988 25
155 1945 279 1989 inter
324 1941 468 1986 denos
515 1939 614 1985 dies
658 1953 772 1985 usus
818 1938 979 2000 fuerit,
1023 1940 1072 1984 in
1115 1944 1252 1983 nocte
1298 1950 1391 1982 non
1429 1935 1751 1982 laboraturum

47 2007 50 2011 ’
153 2012 385 2074 podagrae
423 2008 596 2057 dolore.

295 2080 363 2126 Ad
409 2078 622 2139 frigidam
667 2077 939 2138 podagram,
984 2091 1101 2137 quae
1147 2077 1248 2122 sine
1286 2082 1470 2122 tumore
1509 2081 1601 2136 est,
1643 2089 1750 2121 con·
1780 2083 1835 2120 44

154 2151 312 2198 ficitur
354 2148 630 2210 cataplasma
677 2148 764 2194 sic:
818 2147 993 2193 Ciceris
1038 2147 1159 2206 nigri
1203 2144 1353 2191 moliti
1398 2146 1627 2192 sextarius
1674 2159 1749 2191 co-

40 2268 49 2274 ,,
157 2222 317 2282 quitur
362 2233 418 2265 ex
463 2232 581 2279 aqua
626 2224 672 2263 et
715 2217 962 2276 diligenter
1006 2217 1197 2277 teritur,
1242 2216 1320 2261 cui
1363 2214 1564 2261 adicitur
1610 2229 1751 2260 axun—

93 2305 134 2336 30
156 2292 256 2351 giae
315 2287 569 2350 pauxillum
630 2293 676 2333 et
734 2287 845 2333 dum
908 2285 1027 2332 calet
1077 2284 1494 2346 medicamentum,
1552 2282 1751 2344 pedibus

156 2361 411 2420 inponitur.

298 2428 609 2487 Faenograeci
653 2427 843 2472 seminis
888 2431 935 2471 et
979 2424 1144 2470 hordei
1188 2424 1362 2470 farinae
1415 2424 1549 2470 binos
1602 2428 1748 2469 sexta·
1781 2431 1834 2469 45

159 2501 255 2544 rios
286 2497 513 2544 cribratos
545 2498 592 2542 in
623 2510 768 2542 unum
801 2494 1018 2541 miscebis
1050 2500 1096 2540 et
1126 2493 1360 2555 decoques
1391 2508 1446 2540 ex
1471 2507 1587 2554 aqua
1612 2498 1750 2554 atque

161 2567 301 2614 addes
346 2566 434 2613 olei
481 2566 603 2627 quod
651 2566 852 2612 sufficiat
897 2579 948 2610 ac
995 2563 1191 2610 subinde
1235 2563 1435 2610 calidum
1475 2562 1752 2624 cataplasma

303 2678 326 2714 6
371 2672 616 2714 lomentum
659 2667 786 2713 fabae
832 2670 1032 2724 molitae]
1080 2672 1304 2712 omentum
1350 2669 1599 2723 caprinum,
1644 2669 1752 2710 item

160 2729 266 2771 faba,
294 2727 451 2770 molita,
480 2727 676 2771 Sci-ibon,
848 2725 1039 2780 valgulis
1073 2725 1324 2769 Cornarius.
1483 2731 1535 2767 28
1567 2723 1750 2778 Ciceris]

161 2785 324 2840 piperis
355 2784 549 2826 Scribon.
