1898 3016
821 107 1161 157 „78-

194 237 275 283 das
320 243 366 282 et
411 236 467 282 ad
510 235 756 298 palpebras
794 249 982 296 asperas
1021 236 1219 296 utimur,
1258 234 1380 295 quod
1418 236 1526 296 quia
1563 249 1618 281 ex
1659 241 1789 296 quat·

193 314 300 353 tuor
345 306 487 352 rebus
532 312 582 352 ut
629 305 849 367 quadriga
896 307 1028 366 equis
1075 311 1257 350 constat
1294 310 1340 350 et
1377 305 1554 351 celeres
1592 306 1784 352 effectus

193 375 352 438 habet,
390 375 552 422 harma
589 375 782 437 dicitur3
820 376 989 435 recipit
1025 374 1160 420 haec:
1198 374 1332 420 Aeris
1370 375 1465 420 usti
1502 374 1541 420 X
1578 373 1676 435 IIII,
1714 381 1784 421 tu—

192 460 299 492 reae
331 445 512 491 arboris
544 446 734 492 corticis
764 443 804 490 X
834 444 933 507 IIII,
964 445 1239 490 ammoniaci
1269 450 1426 504 guttae
1457 443 1496 489 X
1520 443 1618 506 IIII,
1656 458 1784 504 gum-

193 516 280 561 mis
326 515 366 561 X
403 514 507 578 11113
553 521 772 561 teruntur
815 514 930 560 haec
975 528 1030 559 ex
1077 527 1195 574 aqua
1232 513 1432 574 pluviali.
1508 512 1607 559 Hoc
1646 515 1830 559 etiam5

192 592 531 646 superunctum
571 584 626 630 ad
664 598 920 644 puerorum
958 582 1206 644 epiphoras
1243 589 1289 629 et
1320 584 1520 644 quinon
1554 583 1787 629 sufferunt

110 656 469 701 119unctionem
508 655 680 714 optime
721 653 840 700 facit.
904 652 1156 714 Collyrium
1195 652 1319 713 quod
1358 654 1544 714 proprie
1583 652 1693 698 facit
1731 651 1786 698 ad

191 724 530 785 aspritudinem
574 722 902 784 palpebrarum
949 729 994 769 et
1032 722 1356 784 callositatem,
1401 728 1587 783 oportet
1631 728 1786 767 autem

191 799 271 840 aut
296 793 511 840 subicere
537 792 778 854 specillum
802 791 1051 853 palpebrae
1084 798 1163 838 aut
1192 794 1426 838 invertere
1458 794 1604 852 ipsam
1632 791 1786 852 palpe-

191 864 323 910 bram
362 870 408 909 et
446 865 512 910 sic
550 865 797 925 inungere,
847 864 1035 923 recipit:
1094 862 1227 907 Aeris
1266 863 1362 908 usti
1399 860 1438 906 X
1467 860 1615 923 XIIII,
1654 875 1782 908 aeru-
1807 871 1848 901 10

191 936 311 995 ginis
350 933 390 979 X
420 933 498 995 VI,
537 935 665 979 croci
701 931 761 994 X,
792 947 974 1012 myrrae
1014 931 1123 995 XI,
1170 932 1319 978 casiae
1357 930 1487 977 rufae
1526 930 1788 977 fistularum

191 1004 423 1050 victoriati
460 1003 665 1065 pondus,
710 1004 887 1083 piperis
925 1001 1018 1047 albi
1054 1016 1195 1062 grana
1234 1000 1364 1063 XLV,
1409 1002 1610 1070 gummis
1648 1000 1786 1046 dena-

189 1075 286 1120 rios
334 1087 511 1119 novem.
586 1072 702 1119 Cum
748 1074 852 1118 vino
891 1071 1004 1118 Chio
1049 1071 1164 1117 haec
1209 1077 1430 1117 teruntur
1472 1064 1519 1116 et
1556 1072 1622 1116 sic
1661 1069 1785 1116 colli-

109 1150 387 1203 120guntur.
448 1142 515 1188 Ad
554 1141 881 1203 palpebrarum
919 1142 1216 1188 veterrimam
1249 1140 1589 1200 aspritudinem
1627 1145 1674 1186 et
1710 1153 1785 1185 ex-

191 1218 479 1259 crescentem
520 1225 729 1274 carnem,
768 1225 906 1272 quam
945 1212 1144 1272 sycosim
1182 1209 1348 1256 Graeci
1384 1216 1571 1271 vocant,
1608 1211 1655 1255 in
1695 1222 1785 1269 qua
1809 1219 1849 1252 15

191 1288 262 1328 est
299 1281 468 1328 callum
515 1281 840 1343 durissimum3
888 1287 959 1327 est
1003 1287 1159 1327 autem
1203 1279 1433 1340 liquidum
1478 1279 1786 1325 medicamen-

191 1359 310 1414 tum,
356 1351 480 1412 quod
519 1351 623 1397 ideo
661 1351 805 1412 hygra
843 1349 1123 1412 appellatur,
1162 1349 1284 1410 quod
1326 1351 1466 1396 etiam
1503 1363 1691 1396 carnem
1729 1362 1782 1393 ex

188 1421 425 1483 palpebris
463 1420 583 1467 tollit
620 1422 721 1467 sine
759 1434 925 1481 magno
965 1420 1144 1481 dolore,
1189 1421 1360 1480 recipit
1395 1419 1531 1466 haec:
1590 1417 1784 1479 Myrrae,

189 1493 332 1553 turis,
370 1493 519 1552 croci,
556 1492 711 1551 misni,
750 1490 1037 1551 singularum
1070 1491 1334 1550 specierum
1366 1488 1581 1535 denarios
1612 1494 1787 1549 ternOS,

190 1560 452 1608 chalcitidis
491 1559 531 1606 X
561 1559 632 1606 VI.
699 1559 822 1606 Haec
861 1566 1081 1606 teruntur
1119 1559 1366 1620 diligenter
1405 1573 1459 1604 ex
1499 1565 1628 1604 aceto
1668 1558 1786 1618 acri3
1809 1567 1850 1598 20

189 1630 271 1677 ubi
322 1630 440 1676 levia
489 1630 608 1676 facta
665 1635 805 1676 erunt
856 1635 902 1675 et
946 1628 1186 1676 habebunt
1245 1627 1596 1689 spissitudinem
1648 1627 1787 1688 passi,

188 1702 414 1747 miscetur
461 1700 534 1747 his
580 1699 728 1746 mellis
773 1700 916 1746 Attici
958 1699 1006 1745 P.
1045 1699 1085 1759 Ι,
1140 1698 1307 1745 deinde
1359 1699 1407 1745 in
1451 1697 1618 1758 patella
1663 1697 1785 1743 aeris

192 1770 350 1832 Cyprii
388 1784 529 1831 super
568 1769 795 1816 carbones
832 1771 983 1830 posita
1020 1769 1303 1829 infervescit,
1342 1767 1490 1814 donec
1528 1766 1678 1814 mellis
1708 1765 1786 1811 ha-

195 1839 300 1886 beat
338 1854 431 1886 non
469 1841 664 1886 nimium
702 1839 867 1900 liquidi
905 1838 1280 1901 spissitudinem,
1325 1844 1463 1899 atque
1501 1839 1565 1883 ita
1602 1837 1786 1897 reponi-

195 1918 274 1957 tur
311 1911 359 1956 in
397 1910 565 1971 pyxide
605 1911 724 1956 aeris
757 1908 929 1971 Cyprii.
985 1908 1100 1955 Cum
1139 1923 1256 1970 opus
1294 1915 1379 1970 est,
1416 1908 1666 1954 invertitur
1695 1904 1788 1966 pal·
1811 1916 1851 1947 25

193 1979 338 2041 pebra
384 1987 430 2026 et
473 1994 558 2040 per
603 1978 846 2040 specillum
890 1979 1152 2040 adponitur.
1227 1977 1360 2032 Quod
1398 1977 1789 2024 medicamentum

195 2049 465 2097 suflricatur
517 2051 702 2096 curiose
754 2051 801 2095 in
854 2049 989 2096 oculo
1035 2049 1090 2095 ad
1136 2047 1559 2094 delacrimationem
1610 2052 1656 2091 et
1707 2044 1789 2091 ubi

195 2119 389 2166 desierit
422 2119 653 2182 mordere,
691 2133 857 2165 rursus
875 2120 1059 2165 inverti
1088 2117 1322 2179 oportebit
1350 2116 1616 2178 palpebram
1649 2122 1786 2175 atque

179 2171 256 2235 ‘ita
301 2189 469 2250 pollice
506 2191 719 2250 inpresso
764 2188 1060 2235 membranas
1103 2190 1318 2234 innantes
1366 2187 1619 2247 adducere,
1668 2198 1786 2246 quae

188 2258 322 2306 facile
369 2258 739 2321 subsequentur,
790 2266 896 2320 post
946 2258 1035 2305 hoc
1089 2259 1276 2304 cinereo
1329 2256 1518 2317 collyrio
1565 2270 1620 2301 ex
1666 2268 1784 2315 aqua
1805 2268 1846 2298 30

187 2329 444 2389 inungendi
482 2335 622 2375 erunt
661 2329 781 2375 oculi
822 2330 1038 2375 crassius.
1108 2327 1205 2373 Hoc
1239 2327 1628 2373 medicamentum
1667 2323 1783 2370 mul-

188 2406 344 2445 torum
383 2413 610 2445 annorum
650 2398 792 2445 callos
830 2404 877 2444 et
913 2397 1228 2458 aspritudines
1262 2395 1589 2457 palpebrarum
1621 2395 1782 2454 despe-

187 2476 311 2514 ratas
357 2483 381 2514 a
428 2468 706 2529 quibusdam
750 2468 945 2514 medicis
983 2466 1201 2513 oculariis
1242 2468 1404 2526 paucis
1443 2465 1609 2511 diebus
1648 2463 1782 2510 tollit.

105 2547 183 2584 121
196 2537 448 2599 Collyrium
479 2538 534 2584 ad
566 2538 737 2600 ulcera,
767 2537 960 2598 papulas
991 2543 1038 2583 et
1068 2536 1337 2597 epiphoras:
1368 2535 1581 2582 Cadmiae
1605 2533 1645 2579 X
1670 2532 1782 2592 VIII,

301 2704 325 2740 9
357 2698 587 2752 specillum
618 2698 883 2751 Stephanus:
914 2696 1134 2750 spicillum
1166 2697 1416 2739 C'ornarius.
1535 2701 1584 2737 19
1615 2694 1778 2748 mysios

189 2755 440 2798 Carnarius.
556 2759 608 2797 26
640 2753 861 2807 spicillum
893 2753 1140 2796 Carnarius.
