1898 3016
709 102 1092 153 —249—

103 232 151 278 Ρ.
175 232 208 293 Ι,
240 231 408 278 barbae
439 231 560 278 Iovis
590 230 637 278 P.
663 230 696 293 1,
728 230 866 278 bacae
898 230 1015 277 lauri
1045 230 1092 276 P.
1119 230 1151 277 Ι.
1205 230 1298 277 Has
1330 232 1510 291 species
1535 237 1696 277 tunsas

103 316 276 363 coques
315 303 361 347 in
393 301 484 347 olei
514 301 778 347 secundarii
807 300 917 346 boni
947 300 1081 346 libris
1113 307 1347 361 quattuor,
1385 307 1544 361 postea
1577 300 1695 347 cola-

102 373 163 418 tis
209 371 424 417 omnibus
468 372 626 417 mittes
671 372 720 417 in
768 370 920 416 oleum
968 372 1121 431 ipsum
1167 377 1298 416 rutae
1338 371 1488 416 siccae
1526 396 1594 404 -—
1627 370 1696 432 VI,

103 440 229 502 pulei
274 442 387 487 sicci
431 466 498 474 -
537 439 620 501 111,
665 440 1020 502 symphoniacae
1064 454 1230 486 sucum
1270 465 1332 471 -
1366 439 1445 502 VI,
1490 440 1698 486 hastulae

62 524 82 556 5
104 512 259 571 regiae
298 525 464 557 sucum
499 536 557 542 —
595 509 662 571 VI,
701 509 929 556 verbenae
965 524 1128 556 sucum
1161 536 1224 542 —
1258 508 1329 571 VI,
1366 509 1503 556 ibisci
1533 524 1699 556 sucum

104 606 172 612 —
189 579 302 643 VIII,
327 581 619 640 faenograeci
643 594 807 626 sucum
833 605 897 611 —-
916 578 1030 639 VIII,
1055 579 1136 625 lini
1161 580 1352 625 seminis
1377 580 1477 626 triti
1504 605 1563 612 —
1583 579 1698 640 VIII,

104 649 276 696 malvae
309 650 534 696 erraticae
565 663 731 695 sucum
759 675 819 681 —
847 647 959 694 VIII.
1012 648 1135 695 Haec
1161 650 1312 695 omnia
1338 648 1558 696 miscebis
1590 663 1698 695 cum

105 718 427 780 superioribus
473 719 599 765 sucis
643 724 689 764 et
734 718 968 778 decoques
1011 719 1067 764 ad
1113 720 1298 778 tertiaS‚
1342 720 1406 765 ita
1450 725 1503 765 ut
1540 721 1698 765 mittas

104 789 281 834 caricas
311 789 429 835 ficus
459 787 557 847 1111,
587 801 706 848 quae
736 793 830 833 tam
862 787 941 833 diu
973 794 1191 849 coquant,
1229 789 1377 834 donec
1408 791 1696 851 nigrescant3

42 871 83 902 10
103 866 264 918 postea
295 857 436 904 addes
467 859 692 917 axungiae
724 859 894 903 veteris
918 856 966 903 P.
989 856 1043 919 II,
1075 859 1174 903 sevi
1203 860 1380 903 cervini
1404 858 1452 904 P.
1476 858 1509 920 I,
1540 858 1699 919 butyri

105 928 187 974 loti
223 926 271 973 P.
302 926 342 988 I,
380 926 608 973 medullae
647 928 861 973 cervinae
899 926 948 972 P.
979 926 1020 986 Ι,
1067 929 1163 972 sevi
1200 926 1364 973 bubuli
1401 927 1450 973 P.
1483 927 1522 990 1,
1561 942 1697 974 cerae

108 1023 167 1029 —
202 995 280 1058 VI,
325 998 506 1042 resinae
552 997 714 1043 frictae
757 1022 826 1028 —
864 994 934 1041 VI.
1000 995 1124 1042 Haec
1170 1011 1276 1042 cum
1322 998 1493 1043 ceteris
1538 996 1698 1043 herbis

105 1067 317 1112 remittes
348 1072 394 1112 et
424 1080 530 1112 cum
561 1066 647 1127 his,
679 1080 796 1126 quae
828 1080 967 1125 supra
1000 1068 1172 1126 scripta
1206 1072 1328 1128 sunt,
1353 1065 1569 1113 omnibus
1593 1081 1699 1127 per-

105 1135 324 1182 miscebis
371 1143 416 1181 et
460 1150 657 1196 repones
703 1137 751 1181 in
790 1137 910 1180 vasis
955 1135 1175 1182 fictilibus
1214 1143 1294 1182 aut
1329 1137 1379 1182 in
1415 1136 1581 1197 ligneis
1619 1142 1699 1182 aut

43 1217 82 1249 15
106 1207 290 1251 corneis
324 1212 370 1251 et
402 1219 508 1250 cum
538 1205 740 1251 volueris
778 1204 1008 1264 tepefacto
1046 1207 1195 1251 uteris
1232 1212 1394 1251 contra
1426 1219 1588 1252 omnes
1620 1206 1699 1251 do-

107 1273 242 1335 loreS,
282 1281 333 1320 ut
371 1289 511 1335 supra
550 1277 775 1334 scriptum
815 1281 898 1319 est.

247 1343 458 1390 Sciaticis
484 1350 529 1390 et
553 1343 819 1390 lumborum
843 1342 1082 1390 doloribus
1099 1346 1227 1405 porri
1252 1346 1415 1391 sectivi
1438 1345 1539 1391 triti
1556 1359 1696 1391 sucus

106 1427 356 1473 expressus
381 1428 487 1459 cum
509 1414 603 1459 vini
626 1413 811 1459 hemina
834 1414 990 1459 ieiuno
1015 1415 1148 1474 potui
1170 1414 1305 1460 datus
1329 1414 1582 1461 efficaciter
1604 1429 1698 1460 me-

106 1482 264 1544 detur3
303 1497 447 1543 aeque
486 1482 679 1543 prodest
717 1489 762 1528 et
797 1483 889 1543 apii
920 1497 1061 1529 sucus
1094 1483 1307 1530 similiter
1337 1484 1485 1530 datus.
1544 1482 1698 1530 Herba

45 1565 87 1596 20
110 1551 410 1613 chamaedrys
449 1559 642 1598 contusa
681 1558 728 1598 et
765 1566 871 1598 cum
909 1550 1043 1598 melle
1077 1555 1207 1613 potui
1239 1567 1324 1613 per
1354 1553 1562 1600 triduum
1595 1553 1700 1600 data

109 1622 356 1668 confestim
400 1622 615 1668 medetur
659 1621 924 1668 lumborum
974 1628 1022 1668 et
1066 1637 1287 1669 coxarum
1336 1623 1508 1685 dolori3
1556 1623 1701 1669 herba

108 1705 294 1752 quoque
332 1693 518 1737 senecio
556 1693 605 1737 in
643 1690 748 1737 cibo
780 1698 963 1751 sumpta
994 1706 1214 1738 coxarum
1246 1699 1293 1738 et
1322 1692 1587 1739 lumborum
1619 1693 1702 1739 do-

108 1760 231 1806 lores
271 1762 529 1807 certissime
569 1768 713 1806 sanat.
779 1761 926 1822 Adipe
970 1763 1130 1808 ursina
1174 1762 1383 1809 dolentes
1421 1776 1559 1808 coxas
1596 1777 1699 1824 per-

111 1830 239 1892 frica,
279 1832 500 1876 continuo
540 1830 735 1876 sanabis.
788 1830 878 1884 Qui
915 1830 1183 1877 testiculum
1221 1831 1482 1892 leporinum
1515 1837 1702 1879 coctum

51 1911 90 1942 25
113 1900 300 1945 ieiunus
324 1898 594 1961 comederit,
618 1900 710 1945 cito
734 1914 954 1946 coxarum
979 1900 1137 1946 dolore
1161 1900 1456 1947 relevabitur.
1504 1901 1702 1948 Radices

109 1983 164 2014 ex
202 1970 386 2029 integro
417 1970 553 2015 tritae
585 1983 691 2015 curn
725 1983 844 2029 pane
875 1969 1104 2016 remollito
1135 1972 1394 2017 miscentur
1423 1979 1562 2032 atque
1593 1971 1701 2017 inde

109 2037 384 2098 cataplasma
423 2039 595 2085 factum
634 2053 854 2085 coxarum
892 2039 965 2085 vel
1000 2039 1287 2102 lumborum,
1333 2042 1470 2086 etiam
1516 2043 1700 2087 renium

109 2107 258 2153 dolori
294 2109 549 2169 inponitur,
588 2110 743 2154 statim
781 2108 986 2168 prodest.

249 2177 526 2223 Incredibile
573 2185 619 2223 et
662 2179 853 2223 unicum
895 2178 1153 2224 remedium
1198 2180 1400 2226 sciaticis
1446 2188 1492 2226 et
1533 2180 1700 2226 arthri-

46 2259 89 2290 30
113 2247 218 2293 ticis
255 2246 344 2293 hoc
383 2254 474 2310 est,
521 2262 612 2307 quo
658 2253 704 2293 et
747 2249 848 2307 ipse
886 2248 1120 2294 Ausonius
1157 2248 1366 2295 medicus
1405 2256 1593 2296 sanatus
1631 2257 1702 2296 est

111 2322 157 2362 et
193 2316 364 2362 multos
402 2318 464 2362 ita
501 2318 719 2378 iacentes,
759 2323 811 2362 ut
847 2331 1034 2363 movere
1073 2331 1121 2363 se
1161 2319 1260 2363 sine
1300 2320 1509 2365 cruciatu
1541 2321 1702 2380 nequi-

111 2393 229 2448 rent,
259 2387 382 2431 intra
413 2388 620 2447 quinque
644 2386 744 2432 dies
769 2393 908 2449 stare,
938 2386 1173 2432 ambulare
1197 2393 1352 2434 autem
1376 2390 1498 2434 intra
1523 2395 1703 2449 septem

111 2454 209 2500 dies
248 2455 378 2515 fecit3
416 2456 664 2502 conficitur
703 2457 791 2502 sic:
828 2455 1013 2502 Fimum
1050 2456 1223 2502 ibIcum
1258 2457 1366 2504 luna
1398 2459 1595 2518 septima
1625 2458 1702 2505 de·

112 2525 229 2569 cima
275 2524 484 2585 colliges,
537 2540 817 2586 quamquam
871 2535 916 2571 et
961 2526 1046 2571 alia
1090 2526 1198 2572 luna
1244 2534 1399 2573 vetere
1452 2527 1700 2575 collectum

256 2634 276 2669 1
309 2629 458 2671 barba.
572 2635 599 2671 4
629 2630 850 2686 hastulae]
883 2631 1042 2673 asclae.
1131 2636 1155 2673 9
1181 2634 1423 2686 coquantur
1449 2632 1699 2676 Cornarius.

110 2683 354 2739 nigriscant
382 2689 457 2727 Im
485 2686 740 2738 nigrescant
767 2691 860 2730 2m.
978 2691 1031 2727 20
1061 2687 1323 2729 chamedris.
1439 2694 1492 2730 22
1525 2691 1700 2732 Senicio.

112 2745 164 2782 29
198 2740 410 2783 sceaticis.
526 2746 579 2783 30
610 2742 715 2797 quo]
749 2743 876 2795 quod.
994 2746 1047 2783 34
1078 2742 1280 2797 eolleges.

1729 1354 1784 1393 16

1730 1493 1783 1531 17

1734 1773 1789 1812 18

1733 1844 1786 1882 19

1733 1913 1789 1952 20

1730 2190 1784 2228 21
