1898 3016
773 105 1112 154 -50-

144 231 190 276 in
235 231 395 276 initiis.
454 230 663 293 Namque
708 233 901 293 prodest
944 233 1032 279 hoc
1077 246 1270 297 genere,
1316 235 1439 296 quod
1485 251 1540 283 ex
1578 237 1740 284 eadem

142 301 335 346 materia
374 306 570 364 constat,
609 316 724 362 quae
764 302 936 350 nullam
975 303 1312 363 aspritudinem
1344 305 1497 368 habet,
1535 308 1739 368 quando-

144 369 330 430 quidem
363 372 645 432 conponitur
675 386 729 418 ex
763 374 889 419 croci
923 371 963 418 X
994 371 1043 434 V,
1083 373 1361 421 sarcocollae
1393 374 1432 421 X
1461 375 1522 438 X,
1560 376 1739 437 glaucei

144 440 244 485 suci
283 438 321 486 X
353 438 459 503 XX,
504 441 795 501 tragacanthi
831 441 870 487 X
901 441 937 486 V
975 448 1021 488 et
1059 445 1135 503 opi
1167 442 1205 489 X
1234 443 1284 490 V.
1356 444 1454 492 Hoc
1493 447 1613 492 enirn
1653 461 1738 507 ego

142 508 291 556 adicio
338 516 384 557 et
428 511 492 557 ita
527 511 695 558 melius
732 511 998 572 respondet.
1073 512 1162 559 Sed
1202 515 1357 574 opium
1397 521 1443 562 et
1479 517 1528 561 in
1565 516 1653 562 hoc
1692 523 1739 563 et
1762 529 1783 561 5

141 580 189 625 in
221 581 348 626 omni
377 580 567 642 collyrIo
599 581 1032 643 medicamentoque
1056 597 1218 630 verum
1243 584 1362 631 adIci
1386 592 1584 648 oportet,
1615 586 1739 647 quod

142 663 196 695 ex
235 648 353 696 lacte
391 652 492 711 ipso
530 653 773 712 papaveris
811 651 1007 699 silvatici
1046 654 1249 714 capitum
1288 655 1358 718 fit,
1397 670 1489 701 non
1527 670 1582 702 ex
1626 670 1739 703 suco

141 718 359 765 foliorum
398 721 520 783 eius,
558 726 611 767 ut
641 722 882 768 institores
919 721 1116 769 huiusce
1158 725 1226 770 rei
1265 725 1512 785 conpendii
1543 732 1590 772 et
1620 725 1741 772 lucri

142 803 280 835 causa
325 789 522 852 faciunt3
567 790 682 837 illud
728 793 851 838 enim
894 807 1000 838 cum
1039 807 1203 854 magno
1241 793 1398 841 labore
1437 800 1484 841 et
1520 797 1739 856 exiguum

142 859 403 922 conficitur,
444 859 533 906 hoc
572 861 672 907 sine
709 861 921 909 molestia
960 868 1006 909 et
1043 862 1346 911 abundanter.
1406 863 1595 911 Teritur
1632 871 1738 912 ante
1763 878 1803 908 10

142 930 295 974 omnia
334 944 546 992 crocum,
584 945 703 991 aqua
740 931 929 992 pluviali
966 932 1172 979 Infusum
1210 935 1436 980 macerari
1474 935 1626 998 debet,
1664 935 1740 982 de-

139 998 249 1044 inde
288 999 516 1046 adiciatur
552 1000 647 1046 illic
686 1002 958 1064 sarcocolla,
996 1002 1251 1066 glaucium,
1289 1005 1462 1067 opium,
1504 1011 1739 1066 tragacan-

139 1067 286 1114 thum.
361 1069 499 1116 Prius
538 1074 662 1116 enim
707 1073 861 1118 omnia
907 1086 1118 1118 seorsum
1157 1076 1382 1120 macerari
1420 1080 1606 1135 oportet
1646 1089 1740 1121 non

139 1137 284 1184 multa
323 1139 424 1185 eius
463 1142 648 1200 generis
687 1155 818 1203 aqua,
856 1142 902 1187 id
935 1148 1007 1188 est
1036 1142 1240 1206 pluviali,
1271 1151 1323 1190 ut
1354 1158 1492 1205 quam
1522 1146 1740 1208 primum,

137 1207 185 1254 id
224 1213 295 1254 est
334 1209 372 1254 si
410 1209 512 1255 fieri
550 1212 725 1270 poterit
762 1211 927 1257 eodem
957 1211 1054 1274 die,
1101 1213 1337 1272 fingantur
1367 1213 1576 1277 collyri33
1622 1214 1740 1261 solet
1764 1227 1803 1258 15

139 1278 263 1323 enim
286 1277 375 1324 hoc
401 1278 479 1325 diu
511 1279 777 1339 neglectum
810 1283 1032 1328 mortario
1063 1283 1344 1329 inacescere.
1403 1283 1487 1330 His
1510 1284 1607 1330 fere
1632 1291 1740 1331 utor

137 1347 303 1407 'prImis
342 1347 508 1394 diebus
543 1349 761 1414 collyriis,
800 1365 894 1397 non
925 1353 1024 1397 sine
1057 1354 1227 1398 ceteris
1266 1352 1463 1415 auxiliiS,
1493 1360 1634 1415 prout
1663 1370 1740 1402 res

137 1417 362 1481 postulat,
409 1418 689 1466 abstinentia
734 1420 837 1466 dico
885 1427 931 1467 et
977 1423 1217 1482 sanguinis
1256 1423 1565 1486 detractione,
1610 1424 1738 1471 meli-

137 1501 290 1548 usque
335 1502 388 1534 ea
434 1491 604 1535 ceteris
649 1491 877 1551 proficere
924 1491 1130 1538 adfirmo.
1205 1492 1319 1538 Cum
1366 1508 1475 1539 vero
1525 1493 1739 1555 pluribus

139 1558 244 1617 quis
268 1556 434 1604 diebus
458 1564 651 1605 vexatus
682 1559 825 1606 fuerit
855 1560 1079 1621 epiphora
1110 1568 1156 1607 et
1185 1564 1532 1623 perseverantia
1563 1566 1739 1611 umoris
1762 1577 1803 1607 20

138 1632 277 1687 atque
315 1628 483 1687 pituita
522 1630 623 1689 Ipso
662 1629 815 1675 calore
854 1630 1097 1676 oculorum
1135 1631 1413 1692 glutinosior
1450 1635 1545 1679 visa
1582 1634 1738 1695 fuerit,

137 1696 262 1756 quod
300 1697 399 1743 fere
438 1706 569 1744 sexto
609 1700 865 1759 septimove
905 1700 978 1746 die
1017 1701 1230 1747 accidere
1269 1702 1408 1764 solet,
1450 1709 1563 1749 tunc
1601 1704 1736 1765 prod-

137 1771 277 1812 erunt
312 1773 358 1813 et
388 1781 441 1813 ea
473 1767 677 1831 collyria,
716 1783 916 1830 quorum
947 1784 1095 1831 genus
1127 1773 1345 1832 superius
1375 1772 1738 1836 inprobavimus,

138 1837 378 1896 conposita
417 1851 471 1883 ex
510 1837 651 1884 rebus
689 1838 954 1902 metallicis,
993 1839 1174 1886 facilius
1212 1843 1336 1887 enim
1370 1848 1469 1888 tum
1501 1844 1739 1903 patientur

137 1905 282 1967 oculi,
321 1908 360 1952 si
396 1906 534 1953 modo
573 1907 829 1954 exulcerati
866 1924 958 1955 non
998 1909 1194 1972 fuerint,
1233 1912 1464 1958 iniuriam.
1529 1911 1735 1966 Quorum
1761 1925 1801 1956 25

136 1977 387 2036 praecipue
424 1976 513 2023 hoc
552 1977 667 2023 mihi
703 1978 875 2041 placet,
915 1980 1038 2040 quod
1078 1995 1102 2026 a
1140 1980 1295 2027 colore
1332 1981 1511 2042 phaeon
1551 1982 1736 2030 dicitur.

135 2043 318 2106 Accipit
348 2052 504 2092 autem
534 2046 670 2093 haec:
702 2048 835 2094 Aeris
858 2051 955 2095 usti
978 2049 1017 2095 X
1042 2048 1145 2113 XII,
1184 2050 1390 2096 cadmiae
1415 2058 1546 2097 ustae
1578 2052 1617 2098 X
1640 2052 1737 2115 XII,

136 2114 264 2160 stibii
309 2118 432 2162 cocti
469 2115 508 2162 X
539 2115 619 2179 VI,
665 2119 846 2164 acaciae
893 2119 1177 2181 chyliSmatis
1218 2119 1257 2165 X
1289 2119 1365 2183 Vl,
1411 2123 1538 2167 croci
1568 2121 1607 2167 X
1638 2121 1736 2184 IIII,

135 2183 259 2231 aloes
298 2184 339 2230 X
368 2185 452 2248 III,
498 2187 576 2247 opi
607 2186 646 2232 X
676 2186 739 2250 II,
784 2191 985 2235 castorei
1022 2191 1254 2236 victoriati
1291 2190 1495 2252 pondus,
1533 2205 1734 2252 murrae,

134 2253 241 2315 lycii
277 2254 400 2301 idem
438 2255 674 2318 ponderis,
711 2260 910 2318 gummis
941 2258 981 2304 X
1011 2258 1166 2305 XVIII.
1226 2259 1357 2320 Aqua
1394 2259 1583 2320 pluviali
1614 2275 1732 2321 quae
1755 2274 1799 2305 30

135 2330 245 2370 sunt
297 2324 413 2371 dura
464 2333 761 2373 macerantur
813 2334 857 2374 et
906 2328 985 2374 diu
1031 2334 1269 2390 teruntur,
1308 2329 1455 2375 donec
1500 2329 1730 2378 levissima

134 2393 259 2456 fiant,
291 2400 450 2454 postea
483 2401 638 2442 cetera
670 2396 758 2443 alio
790 2399 1012 2443 mortario
1045 2397 1224 2458 singula
1254 2399 1362 2444 trita
1395 2399 1733 2463 admiscentur3

135 2477 241 2508 cum
293 2464 550 2511 tollendum
603 2472 695 2528 est,
748 2466 795 2512 id
847 2473 919 2513 est
967 2482 1074 2513 cum
1120 2473 1229 2513 sunt
1273 2468 1484 2528 fingenda
1531 2469 1732 2531 collyria,

134 2545 353 2592 gummen
399 2534 612 2581 adicitur.
686 2535 784 2582 Hoc
831 2536 1017 2597 quidam
1065 2538 1201 2583 etiam
1248 2538 1294 2583 ln
1341 2539 1486 2584 initiis
1532 2545 1733 2586 utuntur

246 2643 269 2679 2
301 2641 508 2682 materea.
597 2642 940 2694 aspretudinem.
1027 2648 1054 2684 4
1085 2643 1381 2686 dracacanthi.
1483 2649 1532 2686 21
1567 2645 1736 2698 pituita>

132 2696 430 2792 ἓῗῆξθΐέιῐῇσὲέ.
562 2696 858 2750 gluttinosior.
989 2703 1040 2739 27
1073 2698 1275 2752 accipiat.
1393 2704 1445 2742 28
1477 2700 1733 2753 eylismatis.
