1898 3016
726 139 1108 190 -175—

118 269 302 331 itidem3
340 269 547 315 omnium
586 268 849 328 specierum
887 281 1024 328 pares
1060 280 1306 313 mensuras
1338 273 1437 313 tere
1467 266 1715 328 diligenter

119 346 167 387 et
202 341 250 385 in
286 337 528 399 pulverem
565 338 894 383 tenuissimum
930 336 1088 397 redige
1134 341 1274 397 atque
1320 350 1375 382 ex
1413 337 1519 383 vino
1558 342 1714 383 vetere

119 407 283 469 collige
327 406 464 469 paulo
510 407 736 469 crassius,
782 420 920 467 quam
958 405 1214 467 spissitudo
1253 407 1315 452 sit
1351 405 1522 468 mellis;
1565 420 1621 452 ex
1659 420 1714 452 eo

117 478 456 525 medicamento
508 476 565 523 ad
617 490 882 523 mensuram
935 477 1191 538 victoriati,
1247 474 1294 521 id
1347 481 1419 522 est
1470 475 1715 522 dimidium

76 547 386 609 adrachmae,
431 546 562 592 dabis
606 552 797 606 ruptum
836 552 883 591 et
919 546 1156 592 infirmum
1196 544 1487 592 stomachum
1524 544 1716 591 habenti

118 619 166 664 in
196 616 348 664 tribus
384 615 562 677 cyathis
592 629 738 676 aquae
770 614 944 662 calidae
976 617 1104 662 eunti
1131 614 1404 677 dormitum3
1434 614 1716 662 beneficium

118 687 314 734 remedii
358 687 506 747 prima
551 686 708 732 statim
754 686 943 745 potione
992 686 1214 746 sentitur,
1267 684 1471 731 secunda
1514 684 1715 731 incredi-

118 756 224 803 bilis
262 755 502 818 profectus
539 761 630 816 est,
674 756 813 801 tertia
858 756 1038 801 curatio
1084 755 1236 800 omnis
1273 755 1598 815 potentissime
1638 769 1713 800 ex-

119 826 330 887 plicatur.
387 824 536 871 Ovum
565 825 802 871 incoctum
834 826 882 870 in
914 824 1057 871 calice
1089 824 1363 871 defunditur
1393 830 1439 870 et
1461 830 1581 872 testa
1613 825 1714 870 eius
1744 832 1797 870 33

57 909 99 940 ιο
121 910 234 943 suco
279 893 507 941 marrubii
553 893 774 955 impletur
823 899 870 940 et
913 895 962 939 in
1008 895 1110 955 ipso
1156 893 1299 940 calice
1345 893 1618 940 defunditur
1670 899 1717 940 et

121 965 270 1012 mellis
314 965 478 1026 optimi
528 964 793 1025 despumati
843 963 1139 1026 tantundem;
1193 964 1347 1010 omnia
1396 962 1512 1010 haec
1563 964 1612 1009 in
1665 976 1715 1009 se

118 1036 464 1096 permiscentur
509 1047 560 1080 ac
605 1033 835 1094 tepefacta
878 1033 1182 1095 hauriuntur3
1225 1034 1343 1079 miro
1389 1033 1525 1079 modo
1571 1033 1716 1078 vomi-

121 1119 196 1151 cas
234 1109 461 1165 rumpunt
497 1110 544 1150 et
581 1103 637 1149 ad
675 1105 920 1150 sanitatem
957 1102 1243 1149 laborantem
1282 1102 1574 1149 stomachum
1611 1116 1715 1163 per-

121 1173 310 1220 ducunt.
382 1173 434 1219 In
478 1187 563 1219 ovo
602 1172 763 1219 sorbili
800 1174 1013 1219 cimicem
1054 1186 1197 1219 unum
1235 1174 1491 1218 contritum
1528 1173 1714 1218 ieiunus
1745 1180 1800 1218 34

59 1255 101 1286 15
124 1245 343 1304 ignorans
401 1243 481 1303 qui
532 1242 741 1304 sorbeat,
794 1242 977 1288 desinet
1027 1256 1238 1304 vomere,
1296 1241 1386 1288 hoc
1445 1255 1583 1303 saepe
1641 1256 1715 1287 ex·

120 1318 308 1374 pertum
345 1318 430 1358 est.

263 1380 530 1442 Conpositio
568 1381 886 1427 medicaminis
924 1380 980 1427 ad
1018 1382 1187 1427 arteria
1223 1380 1426 1426 sananda
1463 1381 1552 1427 sic:
1590 1379 1719 1427 Costi
1746 1388 1799 1427 35

124 1445 185 1518 θα
202 1449 278 1512 ΙΙΙ,
303 1453 456 1511 spicae
480 1451 615 1497 nardi
639 1444 794 1517 2111,
817 1451 992 1511 piperis
1017 1444 1079 1516 91
1096 1449 1172 1507 ΙΙΙ,
1195 1450 1364 1497 radicis
1388 1449 1550 1510 lappae
1574 1452 1709 1496 maio·

121 1522 202 1583 ris,
225 1520 272 1566 id
296 1526 368 1566 est
389 1519 560 1566 herbae
584 1534 895 1582 personaceae
913 1514 1067 1586 2111.
1105 1519 1229 1566 Haec
1253 1520 1407 1566 omnia
1431 1519 1567 1566 simul
1591 1525 1716 1566 teres

58 1601 99 1633 20
122 1596 169 1636 et
197 1591 353 1636 ieiuno
385 1591 433 1636 in
463 1589 628 1636 balneo
659 1604 716 1636 ex
746 1591 850 1636 vino
882 1589 1078 1636 candido
1106 1588 1307 1636 bibenda
1330 1590 1545 1650 protinus
1570 1589 1714 1636 dabiS.

121 1658 303 1706 Herbae
347 1661 606 1706 vettonicae
651 1658 758 1706 folia
803 1659 1005 1706 arefacta
1042 1665 1237 1706 contusa
1275 1658 1571 1719 cribrataque
1610 1673 1714 1719 pro·
1746 1667 1799 1706 36

123 1735 232 1776 sunt
262 1730 546 1791 suspiriosis,
576 1730 617 1775 si
646 1743 702 1775 ex
733 1743 787 1775 eo
816 1728 1009 1790 pulvere
1040 1728 1255 1776 cocliaria
1286 1728 1467 1789 singula
1490 1743 1547 1775 ex
1570 1743 1715 1789 aquae

124 1798 297 1846 calidae
332 1799 510 1859 cyathis
548 1798 732 1845 duobus
768 1800 914 1845 ieiuni
950 1800 1212 1845 interiectis
1250 1798 1429 1860 diebus,
1467 1798 1616 1844 donec
1647 1813 1715 1844 sa-

123 1875 310 1930 nentur,
346 1867 562 1914 biberint.
615 1869 758 1931 Aqua,
796 1882 914 1928 quae
951 1869 1000 1914 in
1038 1867 1258 1914 arborum
1288 1867 1467 1914 lacunis
1497 1869 1715 1928 cavisque
1746 1876 1799 1914 37

61 1949 102 1981 25
125 1936 380 1984 corticibus
411 1939 667 1994 consistere
705 1939 961 2000 consuevit,
999 1939 1257 1998 suspirioso
1295 1938 1428 1998 potui
1461 1937 1567 1984 data
1597 1937 1714 1984 cele·

123 2009 239 2054 riter
277 2021 384 2053 eum
422 2006 603 2053 sanabit
639 2013 777 2068 atque
816 2009 942 2054 omni
978 2007 1188 2068 periculo
1229 2006 1466 2068 liberabit,
1511 2009 1552 2053 si
1596 2007 1715 2054 adsi·

124 2076 214 2123 due
252 2075 324 2122 vel
360 2077 459 2136 ipsa
496 2090 614 2137 pura
652 2076 799 2123 calida
835 2077 907 2123 vel
944 2078 1087 2123 mixta
1124 2083 1326 2138 potetur.

265 2145 400 2192 Sitim
438 2145 692 2207 quamlibet
728 2145 969 2193 molestam
1005 2147 1255 2209 reprimes,
1305 2147 1346 2192 si
1389 2160 1555 2207 aquam
1601 2148 1715 2207 tepi-
1746 2155 1800 2193 38

124 2215 229 2262 dam
273 2229 380 2262 cum
425 2215 525 2262 oleo
570 2217 848 2276 permixtam
893 2215 1069 2262 biberis
1114 2222 1160 2262 et
1208 2217 1430 2262 continuo
1467 2218 1717 2278 vomueris,

63 2296 102 2328 eo
124 2285 372 2346 denuoque
403 2286 445 2331 si
474 2299 666 2332 necesse
697 2285 840 2332 suerit
868 2285 912 2332 id
939 2286 1095 2348 facies,
1125 2300 1216 2346 quo
1241 2285 1362 2332 sacto
1386 2286 1488 2331 sitis
1518 2287 1715 2331 maxima

125 2356 431 2416 consenescit.
505 2354 756 2402 Gallinacei
799 2356 873 2401 ovi
915 2354 1124 2402 vitellum
1173 2356 1476 2402 semicoctum
1520 2354 1715 2415 oleoque
1746 2363 1800 2401 39

124 2426 406 2486 permixtum
438 2426 479 2471 si
509 2427 614 2486 quis
644 2425 844 2486 sorbeat,
876 2426 1006 2471 sitire
1031 2425 1227 2471 desinet.
1274 2424 1494 2486 Lapidem
1518 2424 1574 2470 de
1598 2439 1715 2484 aqua
1746 2433 1800 2471 4ο

125 2494 313 2541 fontana
350 2493 583 2541 sublatum
622 2496 777 2542 statim
815 2494 902 2541 sub
940 2494 1096 2556 lingua
1133 2508 1254 2555 pone
1293 2500 1340 2540 et
1371 2493 1466 2540 illic
1496 2493 1715 2554 aliquam-

126 2564 206 2611 diu
236 2572 358 2626 tene,
389 2565 519 2611 sitire
550 2564 748 2611 desineS.
799 2564 1122 2626 Glycyrrhizae
1147 2563 1389 2611 surculum
1411 2577 1604 2626 parvum
1627 2563 1714 2610 sub
1745 2572 1797 2610 41

267 2730 319 2767 10
349 2725 447 2779 ipso
479 2710 663 2768 calicem
693 2727 798 2781 (sic).
884 2731 934 2768 17
965 2726 1172 2768 arteriam
1196 2725 1437 2768 sanandam
1464 2725 1715 2769 Oornarius.

126 2786 180 2824 20
211 2781 401 2824 candito.
518 2786 570 2823 29
601 2782 806 2826 vomeris.
920 2787 974 2824 34
1004 2781 1260 2836 glycerizae.
