1898 3016
747 132 1057 174 -ν-

108 274 202 306 non
223 258 399 304 extant.
451 256 634 302 Desunt
654 256 704 301 in
725 254 882 301 codice
907 269 946 301 e.
969 268 1005 301 c.
1029 254 1164 300 haec:
1194 270 1239 313 p.
1265 255 1411 315 39,31
1439 257 1480 300 et
1499 255 1704 312 septima,

112 337 258 396 55‚11
285 335 438 391 rufae,
472 333 620 392 55,32
647 333 816 383 tritam,
849 331 995 391 57‚31
1021 331 1090 376 vel
1113 330 1377 383 collisiones,
1410 331 1557 388 90,33
1584 333 1707 378 aeris

108 414 200 459 asti
221 410 311 471 XS,
337 410 519 469 146,16
554 408 844 466 Unyularam
870 431 928 439 —
957 408 1172 467 medetur,
1198 408 1382 468 267‚14
1405 409 1532 464 faeni
1551 409 1707 466 ‚qraeci

8 507 10 511 ·
109 490 218 536 bene
253 487 463 533 mandati
499 489 539 531 ct
567 486 646 531 loli
675 486 966 542 quartarium
1004 489 1057 537 et,
1097 484 1280 544 282,33
1311 484 1479 536 hordei,
1519 485 1703 541 288,32

110 579 258 623 aquae
300 563 540 610 anethinae
583 562 764 619 cyathos
807 565 897 607 tres
934 565 993 614 et,
1040 561 1224 622 290,25
1265 574 1320 608 ex
1353 561 1480 613 vino,
1521 562 1706 621 306‚24

9 682 11 684 ,
109 642 332 700 sayapeni
378 643 417 684 X
433 637 553 699 IIII,
603 639 802 695 yummis
851 641 891 682 X
906 636 1022 697 1111,
1082 639 1342 684 artemisiae
1391 639 1490 684 saci
1539 637 1706 683 XIIII.

110 717 316 764 Exhibet
338 715 494 773 codex,
525 728 632 761 cum
661 713 712 759 in
734 711 949 759 Cornarii
972 714 1175 760 editione
1198 713 1538 772 desiderentur,
1568 714 1708 760 haee:

50 807 53 810 ·
110 809 156 853 p.
182 793 330 850 265‚3
354 793 540 838 seminis
566 816 624 823 —
646 790 684 849 I,
705 791 970 847 petroselini
992 791 1280 838 Macedonici
1306 815 1365 822 —
1385 790 1421 848 Ι,
1450 807 1494 850 p.
1521 791 1705 848 300,26

109 868 276 916 Scillae
319 869 449 914 albae
498 882 648 927 usque
701 866 760 912 ad
802 883 847 926 p.
880 869 1063 927 303‚17
1117 869 1171 914 de
1213 868 1439 914 stomacho
1485 871 1707 925 corrupto.

112 945 241 1000 Quae
279 960 384 991 cum
419 944 489 990 ita
526 945 634 1006 sint,
671 943 914 990 exordium
950 943 1119 1003 capitis
1157 943 1387 990 XXVIIII
1421 943 1472 989 in
1502 943 1707 990 editione

111 1021 322 1081 principe
373 1021 503 1067 aliud
548 1022 621 1066 est
672 1022 814 1079 atque
866 1020 915 1066 in
960 1021 1130 1068 codiee.
1203 1020 1291 1067 His
1345 1020 1498 1067 causis
1548 1022 1706 1067 motus

113 1096 391 1144 Cornarium
428 1097 521 1143 alio
566 1097 724 1143 codiee
759 1111 899 1143 usum
945 1112 1049 1144 esse
1087 1097 1325 1154 existimo,
1371 1097 1454 1143 sed
1495 1111 1590 1142 non
1625 1111 1709 1143 ne-

8 1192 11 1193 ’
110 1173 323 1233 gaverim
359 1174 496 1220 illum
531 1173 835 1220 Laudunensi
871 1174 993 1221 libro
1030 1174 1175 1220 fuisse
1214 1173 1518 1220 simillimum.

221 1248 435 1296 Cornarii
481 1252 665 1296 textum
713 1254 989 1308 receperunt
1036 1250 1079 1296 A
1088 1251 1106 1296 1
1116 1251 1185 1296 du
1194 1265 1214 1296 s
1265 1244 1465 1313 (Medici
1511 1250 1706 1310 antiqui.

113 1326 280 1465 vene}
329 1327 426 1372 154
435 1321 488 1388 7)
540 1328 589 1372 et
641 1326 700 1372 St
712 1340 775 1385 ep
785 1326 816 1371 h
826 1341 932 1372 anu
943 1341 964 1372 s
1018 1321 1250 1391 (Medieae
1303 1327 1420 1373 artis
1471 1327 1707 1387 principes

116 1405 138 1446 1
150 1403 178 1448 5
186 1404 212 1448 6
222 1405 247 1449 7
278 1439 286 1448 .

218 1513 392 1572 Scripsi
427 1513 674 1574 Augustae
712 1513 1064 1561 Vindelicorum

306 1604 468 1636 mense
505 1589 771 1649 Septembri
810 1592 956 1638 1889.
1465 1654 1511 1709 G
1566 1656 1619 1708 Η
