1898 3016
741 89 1085 138 ..41-

117 218 245 265 bitur
282 218 326 264 ei
361 231 495 263 rosae
533 222 580 263 et
617 217 738 263 aceti
772 216 897 277 quod
936 217 1047 262 satis
1087 217 1167 278 sit3
1208 215 1296 262 hoc
1333 217 1458 262 enim
1495 215 1707 263 mirabile

117 287 520 335 medicamentum.
583 285 774 333 Cerebri
812 285 1010 348 dolores,
1047 300 1103 332 ex
1141 285 1313 346 quibus
1351 287 1489 333 etiam
1528 285 1708 333 subitae
1739 295 1763 332 2

118 358 368 418 vertigines
398 357 628 416 oriuntur,
660 355 896 415 discuties,
926 356 967 402 si
995 354 1148 416 planta
1173 354 1325 401 ulmea
1350 363 1489 416 caput
1513 358 1709 403 circum·

117 426 331 488 ligaveris
376 431 514 486 atque
560 426 623 471 ita
668 431 918 472 coronatus
959 425 1114 472 triduo
1153 424 1420 472 dormieris:
1466 432 1711 486 expertum

77 509 97 541 5
121 503 204 543 est.
265 495 457 542 Veteres
494 494 678 541 dolores
716 496 881 555 capitis
919 502 965 541 et
1002 496 1255 555 vertigines
1294 495 1386 541 cito
1429 495 1711 557 emendabis,
1742 505 1766 542 3

120 568 161 612 si
197 565 330 612 betae
368 566 527 625 nigrae
565 579 677 610 suco
716 570 926 625 tempora
963 564 1188 627 perlinas3
1233 564 1355 611 idem
1401 570 1607 625 praestat
1643 567 1709 611 in-

119 634 205 682 tibi
243 649 398 695 sucus,
436 635 475 680 si
506 648 612 680 cum
644 647 835 680 rosaceo
873 633 974 680 oleo
1013 640 1060 680 et
1097 640 1227 680 aceto
1259 636 1432 681 mixtus
1467 636 1608 695 capiti
1643 636 1711 680 in-

119 704 303 751 linatur.
370 703 437 750 Ad
482 705 760 764 vertiginem
805 702 1078 750 abolendam
1123 703 1497 751 efficacissimum
1536 710 1627 767 est,
1673 705 1712 750 si
1742 713 1768 750 4

120 773 396 821 abrotonum
450 774 611 819 tritum
663 774 711 819 in
756 775 851 819 vini
903 774 1090 834 potione
1144 773 1352 834 tepidum
1405 773 1592 820 bibatur
1644 773 1714 820 vel

59 857 99 889 ιο
122 857 228 890 cum
266 842 463 904 oxymeli
501 857 593 888 non
624 843 720 889 acri
751 844 1020 903 accipiatur.
1085 842 1266 897 Quibus
1303 844 1557 903 vertigines
1596 844 1714 890 fiunt
1744 852 1769 890 5

120 919 200 960 aut
223 912 393 974 quibus
416 926 548 958 mens
571 911 923 973 perturbatione
949 913 1113 974 capitis
1139 912 1382 973 alienatur,
1413 912 1597 959 cocleae
1622 915 1712 959 sin-

122 982 254 1044 gulae
293 983 521 1028 contritae
557 983 758 1028 maiores
796 996 903 1028 cum
935 983 1032 1028 suis
1063 984 1196 1028 testis
1226 996 1282 1028 ex
1314 982 1459 1029 calida
1488 984 1616 1043 passi
1647 982 1717 1028 vel

122 1052 296 1099 defruti
332 1053 518 1113 potione
556 1051 687 1098 datae
726 1051 892 1098 diebus
922 1051 1138 1113 plurimis
1169 1058 1381 1115 prosunt,
1419 1053 1459 1098 si
1496 1060 1601 1114 post
1632 1053 1712 1099 tri-

122 1122 266 1168 duum
296 1123 569 1168 continuum
599 1123 928 1182 interpositum
960 1123 1132 1168 iterum
1162 1121 1376 1182 plurimis
1408 1121 1574 1169 diebus
1598 1124 1714 1169 acci-

59 1206 99 1238 15
121 1193 321 1253 piantur.
379 1189 470 1245 Qui
493 1205 632 1237 unam
656 1191 859 1238 cocleam
882 1192 1104 1238 maiorem
1132 1193 1428 1238 semicoctam
1460 1192 1717 1238 comederit
1747 1202 1771 1239 6

123 1261 196 1308 die
234 1262 398 1323 primo,
437 1262 653 1321 sequenti
691 1261 825 1318 duaS‚
863 1262 1003 1307 tertio
1042 1267 1153 1323 tres,
1190 1270 1355 1322 quarto
1390 1261 1518 1323 duas,
1550 1264 1712 1322 quinto

123 1345 279 1392 unam,
316 1330 573 1376 remedium
606 1331 874 1391 experietur
915 1345 1008 1376 non
1039 1330 1188 1377 solum
1221 1331 1275 1377 ad
1307 1332 1598 1394 vertiginem,
1636 1331 1715 1378 sed

123 1402 262 1446 etiam
300 1399 355 1446 ad
394 1400 595 1460 suspiria
632 1405 679 1446 et
715 1401 913 1446 vomitus
951 1400 1157 1461 prodest.
1224 1400 1510 1461 vertiginem
1549 1402 1714 1462 capitis
1747 1410 1770 1447 7

123 1469 276 1516 abolet
321 1470 580 1516 vettonicae
633 1469 883 1516 fasciculus
927 1484 1034 1516 cum
1086 1484 1204 1530 aqua
1256 1470 1401 1516 nitida
1454 1470 1510 1516 ad
1554 1472 1717 1517 tertias

62 1553 103 1584 20
127 1544 346 1585 excoctus
384 1543 463 1585 aut
498 1539 592 1599 apii
628 1539 789 1586 viridis
828 1539 1079 1586 fasciculus
1117 1554 1222 1586 cum
1259 1547 1363 1586 ture
1395 1539 1610 1586 similiter
1641 1540 1717 1586 de·

123 1614 285 1656 coctus
323 1614 369 1655 et
406 1622 462 1654 ex
492 1607 640 1655 mulsa
672 1623 788 1669 aqua
820 1609 974 1670 tepida
1006 1614 1206 1670 potatus.
1258 1609 1534 1671 Hyoscyami
1563 1624 1714 1656 ramu-
1747 1619 1771 1656 8

123 1677 305 1725 sculum
349 1679 397 1723 in
442 1691 587 1739 aquae
633 1680 847 1725 sextariis
895 1678 1048 1725 tribus
1095 1693 1243 1740 usque
1289 1679 1345 1725 ad
1384 1681 1546 1725 tertias
1584 1680 1717 1726 deco-

123 1762 240 1808 ques
285 1754 331 1793 et
376 1746 507 1793 dabis
552 1762 636 1808 per
677 1748 886 1795 triduum
923 1750 1056 1809 potui
1093 1750 1355 1809 quartarios
1394 1749 1602 1809 singulos
1641 1757 1720 1796 aut

125 1818 262 1863 etiam
300 1818 454 1863 minus
484 1831 569 1877 pro
602 1817 872 1864 habitudine
903 1818 976 1864 vel
1006 1824 1155 1864 aetate
1186 1818 1257 1864 vel
1288 1833 1416 1864 sexu.
1473 1818 1717 1866 Trifolium
1748 1829 1772 1866 9

61 1898 102 1928 25
124 1886 330 1948 herbam,
362 1900 480 1947 quae
505 1886 676 1933 Gallice
708 1887 880 1933 dicitur
911 1889 1188 1949 visumarus,
1226 1902 1344 1948 aqua
1377 1888 1542 1948 frigida
1570 1903 1719 1935 mace-

123 1962 223 2002 rato
263 1962 310 2002 et
347 1970 446 2002 eam
485 1970 651 2017 aquam
689 1956 853 2003 diebus
893 1957 1055 2003 decem
1091 1956 1261 2020 bibito,
1306 1958 1387 2004 sed
1435 1964 1486 2004 ut
1526 1958 1717 2004 herbam

124 2025 292 2072 cotidie
331 2032 498 2073 mutes.
555 2026 672 2087 Misy
708 2025 826 2072 libra
865 2041 955 2072 una
994 2041 1100 2073 cum
1139 2033 1269 2073 aceto
1307 2029 1404 2073 acri
1441 2029 1642 2075 contrita
1673 2034 1719 2074 et
1753 2037 1803 2074 10

126 2095 269 2142 fronti
305 2094 435 2141 inlita
473 2095 751 2142 mirabiliter
789 2098 1065 2157 vertiginem
1102 2096 1245 2143 sedat.

903 2244 911 2253 .
950 2206 990 2252 II
1037 2244 1047 2253 .

122 2279 370 2332 Pityriasi
407 2282 461 2323 et
497 2280 748 2334 pon-igini
784 2206 1135 2334 ggzrussilgim'
1164 2283 1328 2336 atque
1358 2282 1634 2325 ulceribus
1666 2284 1720 2325 et

442 2350 695 2393 lendibus
733 2353 787 2393 et:
821 2350 1144 2413 pedunculis
1182 2351 1382 2405 capitis·

263 2442 510 2503 Pityriasin
555 2449 601 2489 et
644 2445 907 2504 porrigines
953 2446 1138 2506 capitis,
1186 2459 1303 2505 quae
1351 2444 1629 2506 plerumque
1669 2447 1714 2491 in
1750 2455 1770 2491 1

63 2537 102 2568 30
126 2513 381 2572 perniciem
420 2527 469 2559 se
509 2519 801 2575 convertunt,
839 2515 929 2560 nisi
967 2522 1256 2577 occurratur,
1298 2517 1498 2576 perungi
1534 2521 1720 2577 oportet

241 2622 263 2659 7
289 2631 404 2660 suco.
492 2618 666 2661 mixtos.
756 2624 807 2660 10
833 2619 1052 2672 oxymelli.
1151 2625 1200 2661 12
1225 2633 1319 2663 con.
1409 2625 1458 2662 13
1484 2621 1603 2676 post]
1628 2634 1717 2674 per.

129 2677 180 2714 14
210 2674 370 2716 iterum
400 2673 673 2728 interpositis
705 2675 922 2729 (plurimis
953 2677 1050 2729 om.)
1083 2675 1250 2718 diebus.
1365 2681 1418 2718 22
1451 2677 1718 2730 dequoques.

129 2733 180 2770 23
213 2729 356 2785 dabis]
387 2731 436 2773 in
464 2731 541 2773 hoc
569 2732 742 2774 verbum
771 2732 930 2774 desinit
959 2733 1088 2774 codex
1116 2745 1248 2786 usque
1278 2733 1335 2775 ad
1364 2732 1459 2786 VII,
1489 2737 1527 2775 4.
