1930 3008
819 123 874 129 —
955 94 1199 145 272-

205 219 380 280 pastilli
402 219 701 268 denariorum
726 222 1018 283 singulorum
1043 229 1123 269 aut
1147 224 1428 286 semissium,
1458 230 1511 271 ut
1533 226 1662 272 iuxta
1685 231 1806 272 aeta·
1866 268 1870 271 .

206 295 302 336 tem
347 296 427 337 aut
470 291 784 338 valetudinem
829 292 1013 340 dentur.
1079 292 1261 339 Dantur
1305 300 1461 341 autem
1496 296 1667 342 ieiunis
1705 297 1805 342 sine

204 359 335 406 febre
374 375 430 406 ex
467 362 564 408 vini
599 363 770 423 myrtei
807 368 886 409 aut
925 362 1107 423 Signini
1146 362 1310 424 cyatho
1349 378 1442 410 uno
1484 378 1591 411 cum
1622 364 1805 412 duobus

204 444 351 491 aquae
389 433 548 490 mixto,
586 431 963 478 febricitantibus
1003 446 1111 478 vero
1151 447 1207 479 ex
1245 447 1389 494 aquae
1430 434 1608 496 cyathis
1637 434 1805 482 tribus.

203 499 302 546 Hoc
355 502 494 547 etiam
544 516 631 562 per
676 501 948 563 clysterium
991 503 1265 566 inmittitur,
1319 505 1536 564 quotiens
1589 504 1803 563 desurre·
1827 522 1848 553 5

203 571 358 616 xerint
394 572 655 634 torminosi,
695 570 865 632 quibus
903 578 950 618 et
987 573 1027 618 si
1063 574 1267 633 graviter
1305 572 1466 621 afflicti
1502 579 1613 621 sunt
1650 575 1807 622 statim

202 640 409 700 prodest.

343 709 412 756 Ad
458 710 707 775 coeliacos,
751 711 799 758 id
837 717 910 758 est
947 713 1029 773 qui
1066 711 1219 758 subite
1257 719 1305 759 et
1341 712 1487 760 multa
1526 713 1804 776 defundunt,

204 785 250 826 et
287 779 344 826 ad
382 779 534 828 alvum
574 782 764 828 citatam
810 788 857 828 et
900 782 957 828 ad
993 780 1112 828 levia
1148 782 1386 829 interdum
1423 785 1625 830 tormina
1661 783 1806 830 medi-

203 856 468 897 camentum
519 857 689 912 potens
742 852 836 899 sic:
896 850 1155 898 Sorborum
1208 852 1448 899 aridorum
1499 859 1804 900 contusorum
1828 871 1869 902 ιο

203 917 252 965 8
283 919 339 982 II,
377 920 492 967 rhus
533 921 725 985 Syriaci,
764 935 857 982 quo
899 923 1001 969 coci
1038 927 1250 984 utuntur,
1289 920 1338 969 8
1369 921 1425 985 II,
1463 922 1582 969 mala
1613 930 1804 984 granata

201 991 410 1036 recentia
456 989 519 1054 X,
562 990 682 1037 mala
728 991 934 1053 cydonea
979 997 1160 1038 matura
1199 990 1254 1039 X.
1321 991 1445 1039 Haec
1491 998 1690 1054 utraque
1729 1008 1803 1040 co-

202 1066 375 1106 cuntur
419 1061 468 1106 in
513 1075 623 1122 sapa
667 1061 787 1108 facta
832 1075 888 1107 ex
933 1063 1077 1108 musti
1121 1061 1273 1108 adhuc
1317 1063 1365 1108 in
1412 1061 1534 1108 dolio
1579 1063 1803 1110 ferventis

202 1131 418 1176 sextariis
454 1132 648 1192 triginta
686 1145 782 1194 sex,
821 1145 1067 1192 quousque
1101 1130 1158 1178 ad
1190 1133 1418 1178 sextarios
1448 1131 1696 1179 duodecim
1727 1132 1803 1179 de-

201 1204 466 1260 coquantur
511 1206 558 1246 et
602 1200 751 1247 donec
797 1200 1026 1247 malorum
1072 1202 1198 1247 coria
1235 1206 1587 1263 percoquantur
1625 1207 1671 1248 et
1709 1203 1865 1252 sint15

199 1269 406 1332 madida3
445 1269 614 1317 deinde
651 1271 716 1317 ita
749 1276 969 1318 teruntur
997 1271 1113 1318 haec
1143 1270 1275 1317 fictili
1304 1273 1542 1334 mortario,
1579 1278 1632 1318 ut
1661 1286 1804 1333 grana

200 1340 355 1385 omnia
400 1342 798 1403 comminuantur,
843 1346 1007 1402 postea
1052 1340 1167 1388 rhus
1213 1347 1260 1388 et
1304 1340 1443 1388 sorba
1487 1341 1616 1388 arida
1660 1342 1802 1389 admi-

199 1414 392 1455 scentur
435 1416 574 1457 tunsa
620 1417 667 1458 et
710 1410 914 1458 cribrata
958 1412 1143 1458 curiose
1181 1417 1228 1458 et
1265 1425 1374 1458 cum
1411 1425 1534 1474 sapa,
1574 1426 1691 1473 quae
1730 1420 1802 1459 est

198 1479 769 1542 residua,⁴temperantur.
815 1480 1044 1527 Omnibus
1076 1495 1186 1542 ergo
1218 1482 1267 1527 in
1298 1496 1446 1528 unum
1475 1481 1595 1528 bene
1626 1483 1800 1529 coactis

198 1551 446 1610 reponitur
478 1551 872 1597 medicamentum
902 1553 951 1598 in
974 1552 1125 1598 vitreo
1149 1565 1273 1613 vaso,
1305 1551 1475 1598 dantur
1498 1551 1606 1598 inde
1629 1553 1799 1599 ieiunis
1822 1569 1863 1599 20

198 1618 366 1680 ligulae
404 1620 523 1667 duae
560 1620 633 1667 vel
669 1627 767 1667 tres
806 1621 907 1667 sine
944 1620 1086 1668 ullius
1123 1622 1194 1667 rei
1231 1621 1526 1668 admixtione.

337 1689 560 1737 Pastillus
598 1690 654 1736 ad
692 1692 974 1738 torminosos
1014 1691 1247 1738 efficacior
1281 1691 1528 1738 conficitur
1559 1692 1647 1738 sic:
1684 1691 1797 1738 Aca-

199 1761 296 1806 ciae
327 1758 368 1805 X
398 1759 497 1822 IIII,
536 1762 664 1807 croci
693 1759 733 1806 X
763 1760 819 1823 Π,
856 1761 1001 1822 gallae
1032 1759 1071 1806 X
1101 1760 1245 1823 VIIII,
1282 1759 1600 1822 hypocistidos
1630 1760 1670 1807 X
1699 1760 1799 1824 IIII,

196 1829 304 1890 lycii
341 1829 381 1875 X
411 1830 510 1893 IIII,
546 1845 731 1892 myrrae
768 1830 809 1876 X
839 1830 937 1894 IIII,
974 1830 1105 1894 rhus,
1143 1845 1235 1892 quo
1274 1832 1377 1877 coci
1413 1836 1627 1894 utuntur,
1664 1831 1799 1878 nardi

199 1898 379 1961 Syriaci
422 1901 598 1963 spicae,
644 1900 789 1964 aloes,
842 1900 1134 1962 singulorum
1179 1900 1396 1947 denarios
1441 1900 1602 1964 binos,
1654 1902 1796 1964 anesi,
1821 1917 1862 1949 25

197 1972 416 2033 gummis,
451 1970 744 2031 singulorum
782 1970 823 2017 X
859 1977 1034 2033 ternos,
1071 1972 1249 2033 piperis
1279 1972 1403 2032 nigri
1433 1970 1472 2018 X
1502 1970 1556 2018 II.
1617 1970 1796 2018 Terun-

195 2046 275 2086 tur
318 2039 434 2086 haec
479 2040 729 2101 diligenter
773 2046 819 2088 et
864 2055 920 2087 ex
958 2055 1071 2087 suco
1108 2040 1219 2088 rubi
1254 2040 1592 2087 cauliculorum
1630 2040 1702 2087 vel
1739 2055 1796 2087 ex

194 2110 302 2155 vino
343 2109 536 2171 Signino
576 2110 765 2172 collyria
804 2111 1066 2158 formantur
1101 2112 1197 2158 ritu
1233 2125 1410 2172 eorum,
1448 2125 1566 2171 quae
1598 2110 1653 2156 ad
1686 2125 1793 2156 ocu-

194 2178 264 2226 los
295 2180 427 2242 fiunt,
465 2194 574 2226 cum
603 2186 759 2227 tamen
789 2182 853 2227 ita
883 2181 1027 2228 fuerit
1055 2180 1170 2228 levis
1201 2181 1445 2242 confectio,
1475 2185 1528 2226 ut
1557 2181 1606 2226 in
1637 2193 1792 2240 ungue

194 2249 321 2296 nulla
358 2258 521 2311 pareat
557 2251 812 2311 aspritudo.
875 2250 1142 2312 Finguntur
1179 2257 1334 2298 autem
1370 2250 1457 2296 alia
1495 2249 1794 2296 denariorum
1817 2266 1859 2296 30

196 2319 508 2384 singulorum,
554 2320 642 2366 alia
686 2322 972 2384 semissium,
1018 2336 1136 2382 quae
1177 2322 1451 2381 iniciantur3
1497 2319 1578 2365 sed
1616 2321 1793 2366 rectius

196 2388 252 2435 ad
296 2389 417 2436 hanc
460 2404 730 2437 mensuram
773 2390 946 2453 pastilli
983 2391 1239 2453 dabuntur,
1283 2392 1345 2436 ita
1383 2395 1437 2436 ut
1473 2403 1596 2435 unus
1634 2390 1792 2436 ieiuno

196 2465 302 2506 ante
340 2460 600 2524 meridiem,
639 2460 756 2508 alter
793 2463 842 2508 in
879 2467 1066 2508 noctem
1104 2475 1160 2507 ex
1197 2474 1329 2522 aqua,
1367 2460 1408 2505 si
1445 2458 1600 2505 febres
1639 2466 1791 2522 erunt,

337 2585 361 2620 2
393 2580 696 2623 valitudinem.
813 2587 840 2624 4
869 2581 1068 2624 mixtum.
1172 2585 1196 2622 6
1227 2578 1384 2621 afflicti
1413 2579 1531 2634 sunt]
1564 2579 1790 2623 defliescit.

197 2639 248 2675 10
278 2635 507 2679 tridorum.
653 2642 704 2679 16
736 2638 961 2680 martario.
1099 2640 1149 2678 19
1180 2636 1495 2688 temporantur.
1633 2635 1789 2691 unum]

194 2689 358 2732 vinum.
526 2697 579 2734 22
611 2693 788 2736 acaciae
819 2692 860 2735 X
883 2693 1019 2745 XIIII,
1050 2693 1122 2735 sed
1154 2692 1204 2732 X
1231 2692 1421 2734 deletum.
1597 2696 1651 2733 24
1680 2690 1786 2734 licii.

195 2750 248 2787 25
279 2747 558 2790 denariorum
588 2748 728 2791 binos.
846 2754 899 2791 30
928 2748 1102 2803 pareat]
1135 2748 1347 2802 appareat
1378 2747 1629 2791 CornariuS.
