1898 3016
750 97 1088 147 -63-

123 227 277 273 ciatim
323 231 583 285 repertum:
635 225 799 272 Cretae
847 225 1025 272 Samiae
1071 225 1109 272 X
1141 225 1203 271 XI
1217 264 1230 289 ,
1275 228 1368 288 opii
1415 227 1453 274 X
1492 227 1552 290 X,
1605 227 1713 275 stibi

122 295 160 342 X
197 294 295 356 XL,
334 296 530 341 cummis
570 294 609 340 X
647 294 744 357 XX,
782 294 905 341 aloes
944 294 982 340 Χ
1021 295 1074 357 Χ,
1113 301 1333 342 teruntur
1370 296 1483 344 haec
1522 305 1568 344 et
1606 313 1712 344 con-

119 365 342 411 ficiuntur
376 378 429 410 ex
462 378 580 426 aqua
610 364 810 425 pluviali.
870 364 1136 427 Collyrium,
1169 365 1292 426 quod
1323 366 1486 413 habuit
1517 367 1711 415 Cosmus

118 434 327 480 medicus
365 435 487 480 inter
525 448 705 497 arcana,
744 435 990 480 mirificum
1030 435 1084 482 ad
1125 437 1277 482 omnia
1309 435 1550 482 oculorum
1583 439 1711 485 vitia:

76 517 95 548 5
119 502 311 549 Acaciae
344 502 382 549 Χ
412 502 505 566 XL,
544 518 734 564 spumae
774 506 954 564 argenti
991 506 1128 551 tritae
1165 504 1283 551 bene
1317 511 1363 551 et
1392 505 1525 568 lotae,
1563 507 1712 554 donec

117 573 444 619 candidissima
481 579 527 618 et
565 573 795 619 levissima
832 575 931 634 fiat,
973 573 1012 619 X
1051 574 1153 635 XII,
1198 574 1376 635 plumbi
1415 577 1508 622 usti
1545 584 1592 622 et
1629 576 1712 622 loti

118 641 155 687 X
179 641 299 704 XVI,
333 641 459 688 stibii
483 641 521 687 X
546 641 622 704 XI,
656 649 811 689 cretae
844 643 1022 690 Samiae
1048 643 1087 689 X
1111 642 1216 707 XII,
1248 658 1464 691 cerussae
1490 645 1527 691 X
1551 645 1711 709 XVIII,

116 726 345 758 cornuum
390 713 687 758 cervinorum
732 719 945 759 ustorum
993 719 1038 759 et
1076 713 1278 760 lotorum
1317 715 1440 774 quod
1479 717 1568 761 erit
1606 730 1711 761 can-

115 780 407 828 didissimum
438 781 477 827 X
508 781 628 843 VIII,
660 796 877 842 squamae
911 784 1031 828 aeris
1056 782 1094 828 X
1119 782 1223 844 IIII,
1255 785 1350 844 opii
1381 783 1419 829 X
1443 784 1548 846 IIII,
1579 799 1710 831 aeru-

53 864 92 895 10
116 852 237 911 ginis
275 865 404 898 rasae
436 850 474 896 X
505 850 605 913 Vll,
644 851 926 898 cardamomi
963 854 1184 898 interiora
1222 851 1261 898 X
1301 853 1362 915 II,
1401 853 1567 914 lapidis
1605 854 1710 900 hae·

114 921 287 967 matitis
319 921 356 967 X
387 920 490 983 IIII,
527 920 692 981 lapidis
723 921 820 966 fissi
850 920 889 966 X
919 921 1023 984 1111,
1055 923 1301 968 tamaricae
1333 924 1525 968 seminis
1549 923 1710 985 XIIII,

115 992 239 1036 croci
271 989 437 1051 XIIII,
469 991 588 1036 turis
620 990 788 1053 XIIII,
819 1005 1005 1037 murrae
1039 990 1206 1053 XIIII,
1238 991 1522 1052 opobalsami
1546 992 1585 1038 X
1610 992 1710 1054 IIII,

113 1059 220 1120 lycii
257 1059 295 1104 X
334 1059 439 1122 IIII,
484 1060 607 1106 aloes
647 1060 686 1105 X
723 1059 826 1123 IIII,
865 1062 982 1108 costi
1013 1060 1052 1106 X
1089 1060 1194 1123 1111,
1233 1063 1408 1122 piperis
1448 1062 1540 1108 albi
1578 1062 1616 1108 X
1654 1061 1709 1124 II,

115 1130 292 1174 cicutae
344 1131 444 1175 suci
488 1129 605 1175 aridi
648 1129 686 1175 X
733 1129 854 1190 VIII,
906 1132 1182 1177 ammoniaci
1227 1138 1462 1190 guttarum
1510 1131 1548 1177 X
1594 1130 1708 1193 VIII,

51 1213 90 1244 15
114 1196 309 1244 bidellae
340 1198 379 1244 X
411 1198 530 1260 VIII,
570 1199 802 1245 saliuncae
841 1206 1063 1259 purgatae
1095 1199 1134 1245 X
1164 1199 1242 1262 VI,
1273 1203 1471 1247 cummis
1502 1200 1540 1246 X
1572 1200 1707 1247 XXV.

114 1266 352 1314 Teruntur
396 1268 509 1314 haec
555 1270 706 1315 omnia
753 1268 999 1329 diligenter
1045 1284 1101 1315 ex
1145 1272 1251 1315 vino
1290 1269 1402 1316 Chio
1449 1285 1542 1316 non
1589 1270 1708 1317 salso

114 1342 300 1383 austero
347 1337 417 1383 vel
461 1352 516 1383 ex
563 1339 666 1384 vino
705 1337 900 1384 Falerno
938 1353 990 1385 ac
1029 1338 1196 1385 deinde
1235 1340 1481 1386 confestim
1520 1339 1708 1401 collyria

114 1406 353 1466 finguntur
391 1414 437 1453 et
473 1409 521 1453 in
558 1407 723 1453 umbra
754 1410 1003 1466 siccantur,
1042 1408 1163 1469 quod
1197 1415 1242 1455 et
1273 1409 1328 1455 de
1360 1409 1460 1455 aliis
1491 1409 1707 1455 omnibus

113 1474 317 1536 collyriis
358 1476 594 1523 observari
632 1483 829 1538 oportet.
904 1477 1155 1538 Collyr1um
1194 1478 1478 1525 acharistum
1515 1479 1704 1525 theodo-

48 1558 87 1589 20
111 1545 227 1591 tium
265 1545 321 1591 ab
351 1546 581 1606 Antigono
618 1548 857 1593 inventum
889 1547 943 1593 ad
975 1561 1159 1593 omnem
1192 1548 1461 1609 epiphoram
1494 1554 1540 1595 et
1571 1563 1706 1595 omne

112 1616 275 1661 vitium
314 1615 569 1677 oculorum,
608 1618 776 1676 accipit
813 1616 947 1663 haec:
986 1616 1178 1663 Acaciae
1210 1617 1247 1663 X
1280 1617 1376 1679 XX,
1415 1617 1549 1664 stibis
1581 1617 1620 1664 X
1651 1617 1706 1680 X,

111 1686 236 1730 croci
281 1684 319 1730 X
358 1684 377 1730 I
416 1684 467 1748 S,
512 1685 635 1732 aloes
680 1685 719 1731 X
757 1685 818 1747 ΙΙ,
862 1701 1048 1732 murrae
1089 1686 1126 1731 X
1164 1686 1224 1749 ΙΙ,
1270 1687 1475 1733 cadmiae
1515 1687 1553 1734 X
1594 1687 1705 1749 VIII,

112 1756 311 1800 castorei
348 1756 577 1801 victoriati
614 1755 728 1801 duas
766 1758 928 1802 tertias
968 1762 1137 1818 parteS,
1176 1758 1270 1817 opii
1299 1756 1338 1802 X
1369 1756 1402 1818 Ι,
1440 1756 1547 1818 lycii
1580 1756 1620 1802 X
1651 1756 1705 1818 ΙΙ,

112 1824 232 1868 aeris
278 1825 373 1870 usti
418 1823 456 1870 X
495 1823 618 1886 VIII,
664 1838 880 1871 cerussae
927 1823 965 1871 X
1003 1824 1107 1886 1111,
1153 1826 1285 1872 nardi
1333 1828 1485 1886 spicae
1526 1826 1564 1872 X
1601 1826 1621 1872 I
1659 1832 1705 1872 et

49 1904 90 1935 25
113 1893 275 1938 tertias
314 1895 434 1952 eius,
473 1895 671 1940 cummis
708 1893 747 1939 X
779 1893 882 1957 XX,
927 1894 1184 1955 palmarum
1223 1909 1326 1941 ossa
1372 1898 1467 1942 sive
1514 1895 1704 1942 nucleos

111 1968 241 2007 ustos
279 1961 318 2007 X
356 1962 502 2024 XXX,
546 1965 654 2009 trita
693 1963 805 2010 haec
843 1979 897 2010 ex
936 1978 1052 2025 aqua
1091 1964 1338 2024 pluviatica
1377 1965 1702 2012 conficiuntur.

110 2030 427 2078 Monemerum
465 2032 706 2094 collyrium
746 2033 931 2096 dicitur,
969 2034 1092 2094 quod
1124 2034 1307 2080 dolores
1338 2036 1386 2080 in
1420 2036 1581 2095 inpetu
1615 2042 1702 2082 sta-

110 2101 192 2146 tim
231 2101 364 2165 tollit,
404 2103 650 2149 conficitur
689 2104 780 2149 sic:
828 2103 1028 2163 Lepidae
1065 2129 1120 2136 —
1157 2103 1190 2165 I,
1228 2105 1348 2150 aeris
1387 2106 1481 2150 usti
1519 2119 1702 2151 semun-

110 2172 240 2232 ciam,
278 2171 539 2218 haematitis
570 2198 637 2204 —
669 2172 709 2233 I,
747 2187 928 2234 myrrae
953 2171 1083 2234 -Ι,
1122 2174 1217 2234 opii
1246 2175 1545 2235 semunciam,
1576 2189 1701 2220 cum-

47 2241 196 2285 aomis
241 2243 547 2288 semunciam:
596 2256 741 2288 unum
785 2242 873 2288 hoc
920 2242 1161 2303 collyrium
1198 2242 1474 2289 mirabiliter
1511 2244 1703 2304 prodest

109 2308 194 2370 his,
241 2312 320 2371 qui
358 2312 600 2358 cicatrices
639 2326 731 2358 non
771 2311 1022 2374 habebunt,
1061 2326 1115 2358 ex
1162 2326 1246 2357 ovo
1284 2313 1491 2358 infusum
1531 2320 1576 2360 et
1613 2313 1701 2359 levi

109 2379 353 2426 admodum
393 2382 640 2441 agitatione
679 2384 946 2428 contritum.
1019 2380 1087 2427 Ad
1127 2381 1406 2428 suffusiones
1444 2382 1701 2445 oculorum,

110 2462 222 2508 quas
248 2449 411 2496 Graeci
443 2451 774 2512 hypochymata
800 2451 982 2498 dicunt:
1013 2450 1224 2497 Feniculi
1248 2453 1347 2498 suci
1372 2452 1535 2512 liquidi
1563 2452 1602 2498 X
1624 2452 1701 2514 III,

109 2518 392 2578 opobalsami
441 2519 478 2565 X
516 2520 599 2583 III,
644 2521 794 2567 mellis
832 2520 974 2567 Attici
1014 2520 1051 2566 X
1090 2520 1171 2583 III,
1217 2521 1305 2567 olei
1350 2522 1510 2568 viridis
1548 2521 1587 2568 X
1625 2521 1700 2584 ΙΙΙ,

223 2630 274 2666 10
307 2626 524 2678 ematitis,
554 2628 654 2668 item
684 2631 749 2669 29.
883 2631 933 2667 13
964 2626 1068 2668 licii.
1185 2627 1368 2680 peperis.
1487 2632 1538 2670 14
1569 2629 1699 2684 aridi]

109 2681 153 2720 et
182 2681 287 2721 erui.
397 2681 658 2724 hamoniaci.
764 2687 813 2723 19
845 2683 1022 2735 oportit.
1130 2682 1420 2726 theudotium.
1531 2689 1583 2726 23
1614 2687 1699 2726 ter-

31 2750 35 2754 ·
108 2734 249 2777 tiasve
281 2735 405 2789 lycie.
522 2742 574 2779 33
604 2738 960 2792 hyposchemata.

1745 377 1796 415 14

1740 1486 1789 1524 15

1737 2043 1787 2082 16

1735 2391 1783 2430 17
