1898 3016
753 131 1126 182 —236—

63 273 115 311 23
288 261 491 309 Cornum
530 261 662 308 bovis
700 260 948 308 combures
987 275 1042 306 ex
1080 274 1132 306 ea
1169 267 1322 322 parte,
1361 275 1451 322 qua
1488 263 1630 323 capiti
1665 261 1741 309 ad-

146 331 328 395 haeret,
374 338 421 379 et
465 333 513 378 in
559 331 799 392 pulverem
844 331 1172 377 tenuissimum
1216 330 1376 391 redige
1414 339 1553 393 atque
1591 347 1647 379 ex
1686 347 1741 378 eo

145 401 337 462 pulvere
375 401 603 448 coclearia
640 401 732 447 duo
771 415 878 447 cum
915 414 1061 461 aquae
1101 399 1274 446 calidae
1307 400 1484 462 cyathis
1514 401 1666 448 tribus
1698 408 1745 449 et

146 471 335 533 paululo
374 473 494 518 aceti
529 473 687 517 ieiuno
726 470 972 531 splenitico
1014 484 1100 531 per
1136 470 1346 517 triduum
1384 470 1441 517 da
1477 470 1745 518 bibendum.

63 553 116 590 24
287 541 575 603 Cataplasma
607 540 663 587 ad
689 540 911 602 splenem,
943 540 1067 601 quod
1091 539 1335 587 Ianuarius
1359 540 1568 588 medicus
1591 548 1744 588 osten·
1768 550 1789 582 5

147 613 235 675 dit,
277 614 364 659 sic:
402 611 619 673 Pyrethri
659 635 719 642 -
753 609 830 672 111,
867 609 1152 671 myrobalani
1194 636 1253 643 —
1286 609 1364 674 111,
1404 613 1536 672 grani
1573 612 1748 673 sinapis

150 708 210 716 -—
247 682 333 744 ΠΙ,
373 681 656 728 cardamomi
694 706 759 712 —-
791 679 874 743 ΙΙΙ,
911 681 1091 727 urticae
1131 682 1322 727 seminis
1359 707 1428 714 -—
1458 680 1535 743 111,
1572 683 1749 743 piperis

152 779 211 786 —
246 751 321 798 ΙΙΙ.
387 750 513 798 Haec
559 752 712 797 omnia
757 755 883 796 teres
922 756 969 796 et
1006 749 1234 797 cribrabis
1272 749 1521 812 diligenter
1559 757 1604 798 et
1641 765 1749 798 cum

138 829 281 870 ‚aceto
321 821 534 868 scillitico
573 819 895 883 pel-miscebis,
932 826 985 866 ut
1022 835 1167 867 unum
1206 835 1378 882 corpus
1416 821 1571 883 facias,
1609 827 1748 882 atque

150 893 259 939 inde
307 891 586 952 cataplasma
630 892 679 936 in
723 903 878 951 panno
923 889 1069 936 denso
1115 904 1255 952 supra
1293 890 1502 952 splenem
1539 892 1750 953 inpones,
1774 900 1815 931 10

155 962 236 1010 sed
274 963 406 1023 prius
444 961 600 1007 locum
630 962 800 1022 ipsum,
839 961 915 1006 cui
949 960 1240 1006 medicamen
1270 962 1561 1021 inpositurus
1592 975 1656 1024 es,
1694 975 1751 1007 ex

152 1034 276 1079 nitro
324 1045 443 1092 aqua
486 1031 684 1077 remisso
731 1029 925 1091 lavabis,
973 1031 1038 1076 ita
1086 1036 1139 1076 ut
1185 1044 1348 1090 spuma
1393 1030 1465 1076 vel
1515 1030 1750 1091 pinguedo

152 1103 267 1149 nitri
302 1100 397 1147 illic
435 1100 695 1146 adhaereat.

68 1181 119 1218 25
294 1169 583 1231 Cataplasma
628 1169 685 1215 ad
731 1168 939 1229 splenem
986 1168 1043 1215 de
1089 1170 1408 1229 experimento
1459 1170 1547 1216 sic:
1599 1169 1751 1217 Alium

150 1240 374 1302 purgabis
413 1245 460 1286 et
496 1244 603 1285 ante
642 1238 766 1285 diem
803 1239 853 1284 in
883 1243 1067 1285 acetum
1099 1240 1379 1285 acerrimum
1409 1239 1629 1286 infundes
1659 1254 1752 1286 ma·
1777 1248 1818 1279 15

150 1317 280 1373 ture3
327 1324 435 1356 cum
481 1311 723 1370 positurus
769 1309 884 1370 eris,
930 1313 1055 1354 teres
1102 1323 1208 1355 cum
1253 1310 1356 1369 ipso
1394 1315 1546 1372 aceto,
1586 1308 1659 1356 vel
1697 1309 1754 1356 de

153 1386 284 1427 aceto
319 1379 568 1441 sublatum,
598 1380 662 1425 ita
694 1383 746 1424 ut
778 1379 982 1439 spissum
1015 1380 1088 1440 sit,
1122 1380 1245 1425 sicut
1269 1378 1546 1440 cataplasma
1571 1386 1616 1426 et
1639 1381 1754 1442 tepi-

154 1451 265 1497 dum
305 1464 447 1510 supra
486 1448 696 1510 splenem
734 1448 941 1508 adpones
979 1454 1026 1494 et
1064 1448 1203 1494 fascia
1243 1448 1498 1509 conligabis
1528 1455 1576 1496 et
1606 1451 1754 1496 uteris

153 1534 304 1581 usque
336 1520 390 1566 ad
421 1519 562 1565 horas
593 1518 798 1580 prandii3
829 1517 918 1564 hoc
950 1519 991 1564 si
1021 1518 1178 1564 triduo
1210 1520 1433 1565 continuo
1458 1534 1571 1566 usus
1595 1520 1755 1582 fueris,

152 1592 326 1636 mirum
363 1588 623 1635 remedium
661 1589 933 1651 experieris,
971 1588 1052 1634 scd
1091 1589 1313 1649 patientia
1344 1603 1462 1649 opus
1493 1595 1566 1635 est
1596 1590 1754 1636 adver·
1778 1599 1818 1629 20

154 1675 258 1707 sum
296 1660 390 1706 vim
427 1658 763 1719 medicamini8‚
803 1657 928 1718 quod
965 1657 1071 1718 plus
1108 1658 1334 1721 proderit,
1373 1660 1413 1705 si
1448 1666 1610 1720 postea
1643 1659 1753 1706 bali-

156 1731 259 1776 neis
296 1730 446 1776 utaris
483 1735 530 1775 et
565 1730 614 1774 in
653 1727 768 1773 solio
807 1727 954 1774 calido
993 1727 1073 1774 diu
1112 1727 1323 1774 fovearis.

73 1810 125 1847 26
296 1798 481 1845 Herbae
520 1797 802 1860 cyclaminis‚
841 1811 959 1858 quae
998 1796 1276 1844 orbicularis
1315 1797 1587 1862 appellatur,
1624 1798 1756 1845 radix

159 1883 386 1930 suspensa
425 1867 557 1930 collo,
594 1869 658 1913 ita
695 1872 749 1913 ut
786 1873 949 1913 contra
987 1866 1157 1913 lienem
1195 1867 1427 1914 dolentem
1468 1868 1528 1914 sit
1558 1867 1756 1932 alligata,

72 1949 126 1986 27
159 1939 414 1986 efficaciter
443 1937 672 1984 medetur.
722 1936 858 1983 Porri
886 1938 1113 1997 primitivi
1143 1939 1307 1983 sectivi
1337 1951 1479 1984 sucus
1503 1952 1753 1999 expressus
1778 1947 1819 1979 25

157 2015 204 2056 et
258 2013 389 2055 aceto
434 2009 537 2068 pari
580 2021 801 2054 mensura
846 2008 1072 2054 inmixtus
1118 2006 1461 2069 absorptusque
1507 2022 1531 2053 a
1575 2007 1753 2054 lienoso

71 2089 123 2126 28
156 2080 341 2140 saepius
384 2078 590 2139 prodest.
665 2076 989 2138 Chamaepitys
1028 2091 1134 2123 cum
1174 2076 1398 2138 oxymelle
1437 2083 1483 2123 et
1520 2077 1752 2123 absinthio

154 2148 346 2210 paribus
391 2148 627 2194 mensuris
673 2146 865 2193 decocta
911 2154 958 2192 et
1004 2148 1138 2207 potui
1187 2147 1293 2193 data
1341 2146 1519 2193 utiliter
1562 2146 1753 2193 lienosis

69 2228 122 2266 29
155 2219 377 2265 occurrit.
436 2216 591 2263 Herba
630 2216 861 2279 salutaris,
898 2216 945 2262 id
984 2222 1057 2263 est
1095 2218 1227 2277 spina
1264 2215 1377 2278 alba,
1417 2231 1506 2277 qua
1538 2215 1752 2263 Christus

155 2293 406 2335 coronatus
444 2293 536 2348 est,
583 2301 701 2347 quae
739 2285 867 2333 velut
903 2300 1038 2332 uvam
1085 2286 1245 2348 habet,
1289 2285 1460 2332 lienem
1496 2285 1666 2332 leniter
1703 2288 1751 2332 in
1776 2296 1816 2326 30

71 2368 123 2404 30
155 2358 317 2404 eodem
355 2357 457 2403 loco
495 2356 746 2418 perfricata
783 2355 976 2402 sanabit.
1035 2354 1158 2417 Equi
1193 2355 1351 2416 lingua
1387 2354 1589 2401 arefacta
1619 2362 1665 2402 et
1696 2357 1752 2402 ad

155 2427 389 2474 levitatem
425 2428 536 2473 trita
567 2432 706 2487 atque
738 2440 793 2471 ex
823 2427 930 2472 vino
961 2427 1093 2486 potui
1123 2425 1227 2472 data
1256 2426 1471 2485 protinus
1502 2425 1751 2472 utilitatem

156 2511 287 2544 suam
326 2496 484 2543 sedato
522 2495 658 2542 lienis
697 2495 855 2542 dolore
893 2495 1170 2541 manifestat.

71 2575 123 2612 31
298 2566 490 2613 Stercus
527 2565 758 2612 mulinum
796 2579 903 2611 cum
941 2564 1165 2625 oxymelle
1202 2563 1392 2610 lienosis
1431 2565 1564 2625 potui
1593 2564 1751 2611 datum

72 2645 124 2682 32
156 2635 341 2682 dolores
366 2636 619 2681 efficaciter
642 2634 775 2681 tollit.
814 2633 1034 2680 Hircinus
1059 2633 1189 2694 splen
1214 2633 1404 2695 calidus,
1428 2634 1474 2679 id
1500 2640 1572 2680 est
1595 2637 1750 2681 statim
1775 2643 1815 2675 35

302 2787 352 2823 14
382 2781 534 2823 allium
568 2782 819 2824 Carnarius.
