1930 3008
778 84 1145 134 -365—

303 213 513 259 Pannum
551 211 846 273 muliebrem,
884 211 929 257 id
969 218 1041 258 est
1077 210 1425 272 menstrualem,
1463 210 1564 256 oleo
1603 210 1753 256 made·
1786 223 1839 260 30

163 282 335 329 factum
375 296 603 343 excoque3
649 281 814 328 deinde
862 282 1069 341 exprime
1112 288 1159 327 et
1196 294 1349 327 ceram
1387 280 1454 326 illi
1491 279 1590 326 oleo
1630 279 1754 326 suffi-

164 353 362 398 cientem
395 351 551 413 addes,
583 357 634 398 ut
664 357 875 397 cerotum
907 350 1060 413 facias,
1092 365 1183 412 quo
1211 349 1504 396 arthriticum
1531 348 1601 395 vel
1625 363 1754 410 para-

162 421 351 483 lyticum
390 421 569 467 utiliter
605 434 853 481 perunges,

119 508 140 540 5
302 490 540 537 Confectio
571 491 704 551 acopi
733 490 789 536 a‘d
821 488 1096 536 reficiendos
1125 488 1560 549 confirmandosque
1586 502 1752 534 nervos
1784 500 1837 538 31

162 561 251 607 sic:
310 559 536 622 Thapsiae
585 585 644 591 -
693 559 733 621 I,
771 559 961 605 adarces
1004 584 1074 591 —-
1117 558 1137 604 I
1183 558 1234 620 S,
1274 558 1497 619 cachryos
1546 583 1603 590 —
1647 557 1666 602 Ι
1706 557 1752 618 S,

162 629 363 676 euforbii
407 655 471 662 -—
519 629 537 675 Ι
584 628 636 690 S,
687 643 802 675 uvae
848 627 1081 675 silvaticae
1128 629 1229 675 suci
1277 654 1336 660 —
1384 627 1490 688 llll,
1544 627 1754 688 pyrethri

167 724 225 732 —
260 699 357 761 1111,
395 700 575 745 resinae
613 698 956 744 terebinthinae
993 723 1062 730 ——
1092 697 1163 760 VI,
1201 712 1335 744 cerae
1374 698 1503 743 rusae
1547 722 1604 729 —
1641 695 1754 758 VIII,

161 768 251 814 olei
275 770 454 830 cyprini
478 794 537 800 —
557 767 654 829 llll,
678 769 854 828 piperis
881 769 1039 814 uncias
1065 774 1296 829 quattuor,
1321 768 1495 828 sinapis
1520 767 1682 812 uncias
1700 765 1752 812 11.

97 858 137 888 10
160 837 283 884 Haec
322 839 474 884 omnia
512 839 758 899 separatim
799 845 933 883 tunsa
971 842 1018 882 et
1047 836 1248 883 cribrata
1278 839 1326 882 in
1358 850 1503 883 unum
1533 834 1753 882 miscebis

160 914 207 954 et
229 907 354 954 lento
378 909 483 968 igne
509 907 768 953 diutiss1me
799 906 1033 967 decoques
1065 912 1112 952 et
1138 920 1323 966 semper
1345 905 1553 967 agitabis,
1584 904 1751 951 deinde

159 977 432 1037 refrigerata
469 978 516 1023 in
554 976 769 1038 pyxidem
807 976 1003 1037 ligneam
1043 983 1121 1022 aut
1155 990 1372 1022 corneam
1410 974 1650 1021 recondes.

300 1046 582 1108 Compositio
621 1045 879 1107 emplastri,
925 1046 1048 1106 quod
1094 1045 1352 1106 appellatur
1391 1044 1598 1105 smilion,
1643 1044 1754 1090 facit
1783 1057 1836 1094 32

39 1151 42 1160 ,
161 1116 216 1162 ad
255 1131 415 1162 omnes
454 1130 703 1162 nervorum
742 1118 1084 1162 contractiones
1123 1115 1393 1161 relaxandas
1438 1121 1484 1160 et
1524 1113 1579 1160 ad
1618 1127 1752 1175 quas·

36 1206 40 1247 2
98 1203 138 1234 15
161 1185 274 1232 libet
313 1187 611 1232 contusiones
643 1185 888 1246 placandas
919 1184 1196 1245 doloresque
1232 1184 1475 1246 sedandos,
1506 1184 1754 1230 conficitur

159 1257 248 1302 sic:
279 1255 476 1301 Resinae
508 1255 670 1301 frictae
693 1281 762 1287 —
785 1254 857 1317 VI,
888 1254 1046 1315 butyri
1076 1254 1263 1300 exsalati
1297 1255 1459 1300 uncias
1492 1267 1585 1314 sex,
1617 1267 1751 1299 cerae

158 1326 320 1371 uncias
358 1339 453 1387 sex,
491 1326 604 1371 nitri
640 1326 688 1370 in
725 1324 964 1385 pulverem
997 1323 1350 1370 subtilissimum
1382 1323 1560 1369 redacti
1591 1324 1751 1369 uncias

159 1409 260 1457 sex3
306 1409 423 1455 quae
470 1408 609 1455 supra
647 1401 801 1440 notata
847 1401 979 1457 sunt,
1018 1393 1142 1439 lento
1180 1395 1278 1454 igni
1314 1395 1361 1439 in
1393 1392 1591 1439 caccabo
1622 1391 1753 1438 fictili

30 1505 35 1517 ,
160 1464 431 1524 solvuntur,
472 1478 588 1525 quae
634 1478 740 1510 cum
778 1463 954 1510 fuerint
992 1463 1162 1525 soluta,
1205 1465 1500 1524 superposito
1539 1461 1751 1508 carboni-

98 1551 138 1582 20
161 1533 249 1580 bus
287 1533 483 1580 caccabo
522 1533 740 1594 paulatim
780 1534 970 1594 nitrum,
1006 1533 1128 1594 quod
1160 1534 1208 1578 in
1239 1532 1478 1593 pulverem
1509 1531 1752 1578 redactum

159 1603 315 1665 fuerit,
354 1605 708 1664 super-mittetur
746 1611 793 1649 et
823 1602 1086 1664 agitabitur.
1146 1602 1498 1649 Observandum
1532 1615 1656 1663 sane,
1693 1615 1751 1647 ne

159 1673 390 1719 fervorem
428 1673 648 1733 grandem
688 1672 827 1719 ducat
865 1679 943 1719 aut
980 1672 1143 1718 bulliat
1180 1687 1232 1718 ac
1263 1679 1412 1718 totum
1445 1670 1751 1732 superfunda-

159 1750 237 1789 tur
276 1751 321 1789 et
358 1750 539 1804 pereat3
578 1742 699 1803 quod
739 1744 780 1788 si
817 1741 1011 1788 validius
1048 1742 1137 1788 hoc
1176 1742 1567 1788 medicamentum
1598 1740 1750 1786 facere

25 1854 27 1868 ‚
161 1812 377 1872 volueriS,
409 1826 551 1872 supra
575 1812 714 1858 dictis
745 1811 990 1872 speciebus
1021 1811 1300 1858 admiscebis
1335 1813 1516 1857 resinae
1548 1809 1751 1857 terebin-

24 1882 31 1928 T‘
96 1901 137 1931 25
160 1882 314 1928 thinae
347 1883 507 1927 uncias
539 1886 772 1944 quattuor,
803 1881 983 1942 galbani
1011 1883 1172 1927 uncias
1196 1890 1306 1928 tres.
1355 1880 1637 1927 Solvendum
1662 1879 1752 1940 gal·

24 1945 27 1951 ¹
160 1951 330 1998 hanum
362 1950 576 1997 manibus
607 1951 780 2012 calidis,
811 1953 933 1998 sicut
964 1951 1081 1997 solet
1107 1965 1213 1997 cera
1236 1950 1419 2012 molliri,
1450 1957 1496 1996 et
1530 1951 1578 1995 in
1611 1964 1751 2010 supra

159 2021 297 2067 dictis
350 2020 593 2082 speciebus
646 2021 948 2083 mittendum,
1001 2035 1106 2067 cum
1159 2022 1333 2067 fuerint
1385 2020 1560 2066 solutae
1613 2027 1751 2080 atque

159 2092 435 2153 permixtae,
473 2098 571 2137 tum
610 2090 795 2137 demum
829 2092 980 2136 omnia
1012 2090 1091 2136 diu
1123 2090 1330 2152 agitabis,
1360 2097 1413 2136 ut
1443 2089 1749 2136 medicamen·

159 2166 259 2206 tum
290 2162 412 2207 sicut
445 2166 656 2206 cerotum
687 2160 1042 2206 subtilissimum
1067 2160 1158 2222 fiat,
1191 2175 1281 2221 quo
1312 2166 1472 2221 postea
1504 2159 1628 2205 velut
1659 2173 1750 2204 em·

99 2247 139 2277 30
162 2230 336 2290 plastro
380 2230 436 2276 ad
475 2244 615 2290 supra
654 2230 800 2276 dictas
839 2244 1000 2276 causas
1038 2235 1254 2290 potenter
1292 2231 1449 2276 uteris.

300 2299 582 2360 Compositio
614 2300 687 2346 dia
717 2299 947 2360 pisselaeu
979 2299 1035 2345 ad
1062 2314 1228 2346 nervos
1251 2301 1457 2361 rigentes
1482 2304 1528 2344 et
1551 2298 1750 2344 offensos
1782 2309 1834 2347 33

160 2369 407 2429 placandos
440 2376 485 2415 et
517 2369 570 2415 ad
602 2371 780 2416 viscera
811 2369 1056 2415 mollienda
1081 2370 1327 2416 conficitur
1351 2371 1437 2416 sic:
1468 2368 1592 2414 Picis
1615 2367 1750 2428 liqui-

161 2439 243 2484 dae
267 2439 419 2499 pondo
444 2439 496 2500 ΙΙ,
522 2454 654 2485 cerae
679 2439 832 2500 pondo
849 2438 881 2501 Ι,
904 2438 1110 2500 pulveris
1133 2439 1255 2485 faeni
1279 2441 1432 2500 graeci
1456 2439 1615 2484 uncias
1640 2444 1749 2499 tres,

160 2507 366 2568 pulveris
390 2510 561 2570 cymini
584 2510 745 2555 uncias
769 2515 880 2570 treS,
913 2508 1052 2555 bacae
1083 2509 1201 2555 lauri
1224 2509 1428 2570 pulveris
1453 2509 1615 2554 uncias
1639 2513 1750 2568 tres,

99 2594 137 2624 35
162 2577 269 2623 salis
300 2579 411 2623 sicci
443 2579 543 2624 triti
572 2580 733 2625 uncias
764 2585 880 2641 tres,
910 2580 988 2639 pix
1019 2578 1192 2639 liquida
1222 2580 1487 2625 remittetur
1513 2584 1559 2630 et.
1582 2576 1749 2623 colabi-

160 2654 252 2708 tur,
283 2646 434 2693 addita
466 2647 632 2694 deinde
663 2643 769 2701 cera
801 2648 925 2694 lento
956 2650 1062 2709 igne
1090 2648 1315 2711 solvetur,
1347 2650 1413 2694 sic
1438 2648 1605 2708 omnia,
1631 2661 1748 2707 quae
1787 2650 1789 2652 ’

160 2716 364 2776 pulveris
390 2723 512 2779 sunt,
538 2719 679 2764 mixta
703 2720 946 2765 mittentur
970 2724 1015 2765 et
1039 2717 1394 2779 coagitabuntur
1412 2723 1457 2764 et
1475 2723 1747 2777 coquentur.
