1930 3008
33 0 106 210 ξ’
741 145 798 152 -
876 117 976 167 371
1056 146 1115 152 -

272 243 455 291 Fimum
494 245 801 308 ciconiarum,
841 244 923 291 sed
962 244 1018 291 de
1057 244 1165 291 nido
1203 246 1328 308 ipso,
1366 244 1475 292 dum
1514 246 1721 292 ciconiae
1753 255 1806 292 22

131 313 284 376 pullos
314 313 500 377 habent,
531 328 687 361 sumes
711 321 758 360 et
781 328 886 360 cum
911 316 1108 376 axungia
1133 316 1448 362 vetustissima
1471 316 1722 377 permisce-

131 383 205 431 bis
249 389 296 430 et
340 389 556 430 conteres
600 390 739 444 atque
785 383 1024 444 emplastri
1069 384 1205 430 modo
1257 384 1455 446 pedibus
1504 384 1724 447 adponeS‚

34 510 36 513 .
133 453 384 500 efficaciter
422 454 671 514 podagram
709 453 907 500 sanabis.

35 550 39 558 ‹
89 538 110 571 5
272 523 340 569 Ad
385 523 634 584 podagram
680 529 727 570 et
770 523 826 569 ad
871 537 1033 570 omnes
1077 523 1248 585 pedum
1290 523 1362 570 vel
1405 538 1627 570 manuum
1682 529 1727 570 et
1758 533 1810 571 23

133 592 328 640 aliorum
383 593 701 640 membrorum
753 592 937 640 dolores
989 607 1044 639 ex
1097 593 1400 655 perfrictione
1452 593 1725 640 relevandos

131 662 251 709 hene
297 662 406 709 facit
448 663 536 709 hoc
581 663 840 709 remedium
886 664 974 710 sic:
1018 663 1330 724 Faenograeci
1366 661 1486 725 81,
1528 662 1613 709 lini
1658 677 1727 709 se-

32 724 45 768 ’ί
132 733 270 779 minis
294 730 400 794 81,
430 731 567 779 ibisci
597 739 816 779 contusas
847 732 1027 779 radices
1059 734 1288 795 quinque3
1321 733 1435 779 haec
1467 738 1573 779 ante
1605 732 1728 779 diem

133 801 351 848 infundes
380 803 428 847 in
452 816 598 863 aquae
622 800 670 848 ὃ*
695 801 829 864 VIIII,
854 802 1021 848 deinde
1045 808 1150 864 post
1174 802 1295 849 diem
1320 802 1554 863 decoques
1579 816 1728 863 usque

24 892 25 898 1
34 886 112 918 10
135 871 190 918 ad
228 873 402 932 tertias,
440 877 602 932 postea
639 871 813 918 colabis
851 878 898 918 et
936 886 1101 919 sucum
1139 886 1326 918 omnem
1365 871 1556 932 colliges
1587 877 1726 932 atque

134 941 307 988 adicies
346 942 389 987 ei
426 940 518 987 olei
547 940 596 988 P.
628 939 750 987 VIIII
789 947 835 988 et
865 943 967 988 suci
996 941 1179 1004 laurini,
1217 941 1264 988 id
1297 948 1368 988 est
1399 941 1454 988 de
1495 941 1619 987 foliis
1656 941 1728 987 vel

134 1011 191 1057 de
229 1010 357 1057 bacis
394 1012 570 1057 teneris
607 1010 729 1057 lauri
765 1013 974 1072 expressi
1011 1009 1059 1058 8
1091 1011 1131 1074 13
1177 1011 1344 1058 deinde
1386 1012 1554 1057 iterato
1593 1011 1728 1057 deco-

135 1094 251 1142 ques
287 1081 483 1143 pariter,
529 1095 772 1142 quousque
818 1082 968 1127 omnis
1015 1095 1156 1128 sucus
1198 1095 1339 1141 supra
1377 1083 1582 1141 scriptus
1621 1095 1728 1126 con-

136 1155 348 1198 sumatur
386 1157 430 1196 et
468 1149 558 1196 olei
595 1150 915 1197 tantummodo
954 1165 1132 1197 summa
1171 1149 1367 1213 residat3
1406 1150 1530 1211 quod
1560 1151 1727 1196 iterato

39 1231 113 1264 15
137 1219 316 1266 colatur
362 1226 408 1266 et
453 1219 688 1266 adduntur
732 1222 778 1266 in
821 1235 875 1266 eo
914 1220 1030 1282 oleo,
1069 1220 1192 1281 quod
1231 1220 1535 1281 superfuerit,
1572 1219 1729 1265 laricis

133 1314 202 1321 —
239 1288 375 1350 Vllll,
413 1289 754 1336 terebinthinae
792 1291 957 1336 unciae
996 1289 1101 1352 1111,
1140 1289 1333 1336 balsami
1374 1315 1434 1322 —
1477 1288 1539 1351 ΙΙ,
1577 1291 1641 1335 ita
1678 1295 1731 1335 ut

135 1361 265 1420 prius
310 1358 425 1405 haec
470 1361 515 1405 in
563 1374 670 1405 vaso
717 1359 892 1420 duplici
937 1359 991 1405 ad
1038 1361 1192 1420 ignem
1237 1358 1548 1405 lentissimum
1588 1358 1731 1405 resol-

135 1434 302 1475 vantur
348 1434 394 1474 et
438 1430 505 1475 sic
543 1430 914 1502 permisceantur
952 1435 998 1475 et
1035 1429 1295 1475 diutissime
1334 1429 1628 1489 coagitentur
1667 1435 1730 1475 at-

137 1512 226 1559 que
273 1500 319 1544 in
365 1512 479 1544 usus
524 1513 665 1560 supra
710 1492 911 1559 scriptos
957 1500 1248 1545 necessarios
1287 1498 1343 1544 ad
1381 1498 1732 1559 perfricandum

43 1579 113 1611 20
137 1574 451 1614 reserventur.

275 1637 343 1683 Ad
374 1639 549 1698 primos
580 1616 810 1698 podagrae
840 1639 1045 1698 impetus
1074 1637 1369 1684 molliendos:
1401 1638 1602 1684 Atiariae
1626 1637 1729 1683 her·
1762 1645 1816 1683 24

136 1706 220 1753 bae
266 1713 421 1767 partes
467 1707 582 1753 duas
631 1707 891 1754 contundes
937 1705 994 1754 et'
1028 1706 1186 1768 butyri
1230 1721 1370 1753 unam
1409 1715 1591 1768 partem
1627 1721 1731 1768 per-

137 1776 355 1823 miscebis
401 1783 447 1823 et
491 1785 708 1824 conteres
754 1783 891 1838 atque
936 1778 1001 1823 ita
1047 1791 1132 1838 pro
1175 1784 1414 1838 unguento
1452 1777 1525 1823 vel
1563 1776 1730 1838 empla-

124 1853 237 1901 stro
275 1847 436 1892 uteris.

278 1915 397 1961 Ulmi
435 1921 594 1962 cortex
633 1922 859 1962 contusus
898 1916 1159 1962 diutissime
1191 1922 1237 1962 et
1267 1929 1374 1962 cum
1405 1930 1524 1977 aqua
1554 1916 1733 1962 marina
1763 1923 1816 1962 25

138 1999 288 2046 usque
333 1985 446 2031 adeo
493 1985 736 2047 subactus,
780 1992 832 2032 ut
877 1985 1140 2047 malagmati
1184 1985 1349 2031 similis
1388 1987 1468 2048 sit,
1515 1999 1601 2046 pro
1640 2000 1732 2031 em-

137 2054 312 2116 plastro
351 2055 592 2115 adpositus
630 2055 761 2102 sedat
797 2055 1027 2116 podagrae
1066 2055 1263 2101 dolores.

279 2123 390 2170 Vivo
450 2124 599 2186 lepori
657 2139 739 2185 pes
791 2131 1056 2186 amputatus
1124 2131 1169 2171 et
1227 2123 1438 2185 alligatus
1491 2124 1547 2170 ad
1592 2124 1730 2184 poda·
1763 2133 1816 2171 26

138 2209 266 2255 gram
312 2193 383 2239 vel
428 2196 527 2240 eius
572 2194 704 2255 pedis
748 2194 980 2256 partibus,
1027 2208 1144 2255 quae
1187 2193 1431 2254 dolebunt,
1477 2193 1731 2254 plurimum

77 2276 118 2308 30
139 2263 343 2325 prodest.

22 2346 43 2407 ‘l
278 2332 420 2380 Vituli
456 2334 626 2379 marini
657 2339 736 2380 aut
768 2333 890 2394 quod
921 2332 1088 2380 melius
1127 2339 1198 2380 est
1228 2333 1432 2394 hyaenae
1463 2331 1583 2393 pelle
1614 2332 1732 2378 facta
1763 2341 1816 2380 27

30 2423 50 2695 ξ
139 2402 436 2450 calciamenta
482 2404 521 2449 si
558 2405 663 2464 quis
706 2405 754 2449 in
799 2402 1029 2449 cotidiano
1068 2417 1157 2449 usu
1194 2402 1432 2464 habuerit,
1479 2401 1733 2448 efficaciter

23 888 45 1006 *Kx-{ww
23 768 45 862 imore&
33 713 38 718 =
36 679 41 691 a
34 657 40 667 —
33 637 42 646 a
35 597 39 610 „.
38 504 41 514 >
34 402 44 420 ιι
35 334 41 353 2-

32 1277 44 1332 ἦηῖ
24 1246 50 1260 *¹
23 1141 45 1242 w⁴⁴⁴
24 1176 27 1189 -
24 1155 27 1165 -
23 1077 46 1134 ¹—'·.-'“
24 1010 43 1078 [0⁸¹2

73 1928 113 1961 2²?-

30 1884 42 2125 wem-»am
42 1915 43 1920 „
23 1612 48 1894 emsss⁴
23 1756 46 1772 ‘J
23 1666 43 1737 ⁴55⁴*
22 1482 49 1652 “zi-W*-
23 1333 46 1543 “2‘43‘124-

139 2473 369 2533 podagrae
408 2471 570 2518 morbo
608 2472 797 2519 carebit.

23 2584 26 2611 ὲ
279 2541 420 2588 Pueri
471 2542 660 2602 inpubis
713 2543 897 2588 detonsi
951 2556 1093 2602 super
1136 2541 1281 2603 pedes
1326 2541 1526 2587 dolentis
1578 2540 1734 2602 capilli
1764 2550 1817 2587 28

22 2614 26 2658 ἴ
78 2623 118 2654 35
143 2617 281 2672 atque
319 2611 412 2657 illic
451 2611 733 2672 aliquamdiu
771 2613 1017 2673 compositi
1054 2617 1358 2672 compescunt
1395 2611 1615 2657 dolorem.

23 2674 26 2685 ’
280 2680 530 2727 Probatum
568 2682 826 2729 remedium
858 2688 942 2743 est,
980 2681 1083 2727 felle
1115 2682 1304 2742 caprino
1335 2695 1429 2726 non
1459 2695 1613 2743 manu,
1650 2679 1731 2726 sed
1762 2688 1814 2727 29
1864 2711 1869 2714 >

141 2752 281 2811 pinna
320 2750 462 2811 pedes
499 2758 752 2839 perunctos
790 2752 1034 2798 confestim
1074 2750 1231 2797 dolore
1271 2749 1479 2796 relevari.

1394 2828 1480 2869 24*
