1930 3008
165 418 220 456 22

167 629 222 667 23

172 1049 226 1087 24

174 1469 227 1506 25

174 1678 228 1716 26

174 2027 227 2066 27

177 2167 231 2204 28

179 2238 230 2275 29

179 2448 232 2484 30

861 171 920 176 -
997 143 1100 193 332
1171 171 1241 179 —-

251 282 589 329 supervacuam
627 283 898 333 consumes3
937 270 1018 317 sed
1055 270 1112 316 ad
1144 271 1390 317 sanitatem
1420 268 1677 317 lenioribus
1709 269 1852 317 medi-

252 339 478 385 camentis
515 345 677 399 postea
717 339 963 401 perduces.

393 406 605 455 Extalem
635 410 775 455 nimis
805 411 1150 470 prominentem
1180 410 1393 471 reprimit
1416 409 1699 470 gallinaceus
1722 408 1853 456 vitel-

251 477 347 540 lus,
393 479 433 524 si
477 484 640 525 coctus
678 480 860 540 integer
898 479 955 526 ab
993 481 1095 541 ipso
1134 494 1273 540 aegro
1310 479 1405 526 illic
1443 478 1620 526 calidus
1659 479 1852 526 adsidue
1896 480 1900 482 ’

255 549 565 595 contineatur.
1875 553 1915 594 ss

394 617 463 664 Ad
509 617 690 664 fistulas
734 618 982 666 vulnerum
1026 620 1075 665 in
1117 633 1204 665 ano
1243 618 1317 665 vel
1355 633 1472 680 quae
1510 624 1769 665 nascuntur
1805 619 1854 664 in

253 685 369 733 locis
415 687 834 735 verecundioribus
879 695 1033 735 terrae
1077 688 1187 735 mali
1230 688 1362 735 radix
1409 694 1606 735 contusa
1643 694 1690 734 et
1726 688 1855 734 fistu-

253 757 324 803 lae
369 758 546 803 inserta
591 763 672 804 aut
714 760 762 804 in
806 759 1047 820 pulverem
1091 758 1279 805 redacta
1325 764 1372 805 et
1409 773 1516 805 cum
1554 759 1659 805 vino
1698 763 1855 804 vetere
1925 811 1928 814 ,

254 829 468 888 inspersa
512 829 576 874 ita
620 828 835 891 prodest,
881 835 934 875 ut
971 828 1186 875 celeriter
1225 834 1472 891 expurget,
1511 828 1677 875 solidet
1715 834 1762 875 et
1799 828 1854 874 ad

255 911 442 943 omnem
488 900 733 944 sanitatem
777 898 1026 961 perducat,
1072 900 1172 945 sine
1219 912 1309 959 qua
1355 913 1442 945 nec
1487 898 1659 945 medici
1694 898 1854 944 huius·
1880 910 1921 943 ιο

256 967 383 1014 111οᾶ1
421 981 585 1014 causas
624 982 790 1015 curare
828 974 1039 1029 possunt.

399 1036 666 1098 Tithymalli
703 1040 889 1084 contusi
927 1053 1093 1085 sucum
1131 1053 1188 1084 ex
1218 1039 1326 1084 vino
1358 1052 1500 1099 super
1530 1036 1732 1084 fistulam
1763 1036 1858 1084 vul-

257 1107 386 1152 neris
431 1109 702 1171 exprimito,
748 1107 916 1154 deinde
962 1108 1221 1154 fomentum
1261 1107 1533 1154 huiusmodi
1569 1106 1775 1170 alligato,
1810 1107 1859 1153 id

257 1182 330 1222 est
366 1176 659 1224 marrubium
697 1179 746 1223 in
784 1179 942 1224 cinere
981 1177 1128 1224 calido
1168 1177 1446 1238 subcoquito
1486 1183 1532 1223 et
1569 1176 1747 1223 adiecta
1784 1191 1859 1223 ve-

257 1247 518 1293 tustissima
566 1249 763 1308 axungia
809 1247 890 1293 diu
936 1247 1138 1308 subigito
1188 1253 1233 1294 et
1274 1247 1417 1294 linteo
1455 1247 1640 1294 inlitum
1679 1245 1859 1293 calidis—
1882 1258 1925 1292 1⁵

259 1317 429 1363 simum
474 1317 657 1364 fistulae
703 1317 923 1378 adponito
963 1323 1010 1363 et
1046 1324 1119 1364 ter
1156 1323 1236 1364 aut
1275 1323 1439 1378 quater
1476 1318 1524 1363 in
1562 1317 1636 1363 die
1675 1317 1860 1363 fervens

258 1386 550 1434 medicamen
587 1393 825 1450 renovato,
864 1388 1060 1434 mirifice
1098 1387 1323 1448 proderit.

401 1456 463 1503 Os
501 1457 758 1504 humanum
797 1463 1047 1504 contusum
1086 1464 1132 1504 et
1167 1458 1216 1503 in
1255 1456 1494 1518 pulverem
1532 1457 1860 1503 tenuissimum

259 1526 500 1574 redactum
547 1542 655 1574 cum
699 1527 835 1574 melle
879 1527 1064 1574 inlitum
1110 1529 1249 1574 etiam
1296 1527 1484 1574 duratas
1531 1528 1607 1573 ani
1651 1533 1698 1573 et
1745 1528 1860 1573 anti-

261 1611 375 1658 quas
413 1597 593 1644 fistulas
632 1603 783 1659 sanat,
826 1599 866 1644 si
903 1612 989 1658 per
1027 1597 1234 1644 triduum
1273 1598 1549 1643 continuum
1587 1597 1860 1657 adponatur.
1883 1609 1926 1641 20

402 1667 469 1713 Ad
515 1673 648 1714 nates
694 1667 766 1714 vel
808 1667 1025 1728 podicem
1068 1666 1333 1714 fistulosum
1378 1666 1467 1713 olei
1511 1668 1675 1727 optimi
1711 1672 1860 1712 sexta-

259 1738 407 1800 r1um,
446 1737 690 1799 lithargyri
728 1736 970 1793 selibram,
1007 1738 1244 1798 aeruginis
1283 1736 1470 1798 libram,
1508 1738 1629 1783 turis
1667 1735 1862 1783 masculi

261 1808 387 1868 nigri
424 1806 664 1865 selibram,
702 1809 885 1854 resinae
923 1806 1111 1870 libram,
1152 1806 1301 1853 mellis
1341 1807 1532 1852 sextarii
1569 1807 1708 1853 unius
1747 1820 1857 1867 qua-

261 1877 496 1940 drantem,
538 1880 659 1925 aceti
696 1875 744 1923 8
775 1877 830 1924 ΙΙ.
896 1877 1021 1923 Haec
1060 1878 1214 1923 omnia
1252 1878 1300 1922 in
1337 1876 1425 1923 olla
1462 1876 1571 1923 rudi
1609 1875 1758 1923 simul·
1785 1875 1860 1922 de-

261 1962 435 2009 coques
474 1954 520 1994 et
557 1962 687 1994 more
726 1947 967 2008 emplastri
1002 1947 1212 1994 induces.
1885 1958 1926 1990 25

401 2017 469 2064 Ad
486 2017 868 2064 haemorrhoidas
892 2031 1080 2079 eosque,
1105 2018 1187 2078 qui
1203 2017 1475 2077 sanguinem
1493 2015 1714 2078 deiciunt,
1729 2016 1861 2077 porri

263 2101 406 2134 sucus
460 2103 710 2149 expressus
759 2089 916 2134 ieiuno
961 2088 1094 2147 potui
1139 2087 1274 2133 datus
1326 2085 1707 2132 haemorrhoidas
1753 2100 1861 2131 con-

262 2158 394 2204 tinuo
427 2157 642 2205 desinere
674 2159 798 2204 facit.
849 2157 1002 2218 Adeps
1035 2159 1168 2218 cygni
1193 2155 1573 2202 haemorrhoidas
1596 2155 1861 2217 conprimit,

264 2228 305 2274 si
356 2233 436 2274 aut
491 2230 626 2288 potui
678 2229 816 2275 detur
860 2234 939 2274 aut
982 2226 1083 2273 loca
1127 2227 1235 2273 inde
1280 2231 1543 2286 tangantur.
1618 2224 1861 2286 Symphyti

262 2297 416 2361 radix,
462 2312 579 2359 quae
625 2297 770 2344 herba
812 2296 993 2359 ,Gallice
1037 2296 1171 2343 halus
1217 2296 1408 2357 dicitur,
1446 2299 1525 2341 aut
1563 2295 1859 2340 commandu-
1884 2308 1926 2338 30

263 2373 397 2414 catur
442 2375 521 2415 aut
566 2374 671 2414 usta
716 2374 763 2414 et
808 2369 919 2413 trita
964 2367 1013 2412 in
1057 2368 1248 2428 potione
1294 2366 1430 2412 datur
1474 2364 1719 2410 adversum
1755 2363 1861 2409 hae·

265 2438 557 2485 morrhoidas
588 2439 782 2484 nimium
815 2437 1117 2498 profluentes.
1172 2435 1405 2496 Sfongiam
1436 2435 1661 2480 marinam
1693 2445 1861 2480 exures

405 2578 429 2614 3
468 2572 788 2626 prominentem
827 2571 1197 2625 reprominentem
1236 2569 1344 2622 (sic).
1518 2572 1568 2609 12
1613 2566 1859 2610 tithimalli.

268 2633 318 2670 14
348 2628 603 2672 vetussima.
691 2633 744 2669 22
775 2625 1031 2680 lithargyri]
1064 2624 1289 2679 epodagri.
1379 2628 1431 2665 23
1464 2622 1701 2666 sextarium
1726 2637 1859 2664 unum

264 2684 500 2737 quadrans.
638 2689 691 2726 26
721 2683 1042 2725 aemorhoidas.
1179 2685 1229 2723 27
1263 2678 1471 2734 expressi.
1600 2680 1727 2722 verba
1757 2691 1859 2720 con-

262 2741 387 2782 tinuo
419 2739 619 2781 desinere
647 2740 766 2782 facit.
811 2738 959 2793 Adeps
985 2737 1112 2791 cygni
1134 2735 1496 2779 haemorrhoidas
1519 2749 1597 2778 om.
1678 2739 1730 2777 29
1763 2735 1860 2776 tan-

263 2799 355 2850 gat.
472 2795 696 2850 symphiti.
