<?xml version="1.0" encoding="UTF-8"?>
<!DOCTYPE html PUBLIC "-//W3C//DTD XHTML 1.0 Transitional//EN"
    "http://www.w3.org/TR/xhtml1/DTD/xhtml1-transitional.dtd">
<html xmlns="http://www.w3.org/1999/xhtml" xml:lang="en" lang="en">
 <head>
  <title>
</title>
<meta http-equiv="Content-Type" content="text/html;charset=utf-8" />
  <meta name='ocr-system' content='tesseract 3.04.00' />
  <meta name='ocr-capabilities' content='ocr_page ocr_carea ocr_par ocr_line ocrx_word'/>
</head>
<body>
  <div class='ocr_page' id='page_1' title='image "./demedicamentisli00marcuoft_0062.png"; bbox 0 0 1898 3016; ppageno 0'>
   <div class='ocr_carea' id='block_1_1' title="bbox 804 108 1219 175">
    <p class='ocr_par' dir='ltr' id='par_1_1' title="bbox 804 108 1219 175">
     <span class='ocr_line' id='line_1_1' title="bbox 804 108 1219 175; baseline 0.007 -1"><span class='ocrx_word' id='word_1_1' title='bbox 804 108 1219 175; x_wconf 74' lang='grc'>-50-’</span> 
     </span>
    </p>
   </div>
   <div class='ocr_carea' id='block_1_2' title="bbox 99 252 1845 2822">
    <p class='ocr_par' dir='ltr' id='par_1_2' title="bbox 99 252 1845 2822">
     <span class='ocr_line' id='line_1_2' title="bbox 125 252 1774 316; baseline -0.001 -15"><span class='ocrx_word' id='word_1_2' title='bbox 125 264 150 302; x_wconf 80' lang='lat'><strong>7</strong></span> <span class='ocrx_word' id='word_1_3' title='bbox 181 256 284 301; x_wconf 88' lang='lat' dir='ltr'>tuit.</span> <span class='ocrx_word' id='word_1_4' title='bbox 361 252 554 300; x_wconf 86' lang='lat' dir='ltr'><strong>Stercus</strong></span> <span class='ocrx_word' id='word_1_5' title='bbox 605 255 843 300; x_wconf 89' lang='lat' dir='ltr'>murinum</span> <span class='ocrx_word' id='word_1_6' title='bbox 893 268 999 300; x_wconf 91' lang='lat' dir='ltr'>cum</span> <span class='ocrx_word' id='word_1_7' title='bbox 1048 260 1178 300; x_wconf 90' lang='lat' dir='ltr'>aceto</span> <span class='ocrx_word' id='word_1_8' title='bbox 1230 255 1391 301; x_wconf 87' lang='lat' dir='ltr'>tritum</span> <span class='ocrx_word' id='word_1_9' title='bbox 1444 254 1499 300; x_wconf 92' lang='lat' dir='ltr'>ad</span> <span class='ocrx_word' id='word_1_10' title='bbox 1545 254 1774 316; x_wconf 82' lang='lat' dir='ltr'>alopecias</span> 
     </span>
     <span class='ocr_line' id='line_1_3' title="bbox 126 323 1774 384; baseline -0.001 -13"><span class='ocrx_word' id='word_1_11' title='bbox 126 334 150 371; x_wconf 88' lang='lat'>8</span> <span class='ocrx_word' id='word_1_12' title='bbox 183 328 347 370; x_wconf 91' lang='lat' dir='ltr'>unctas</span> <span class='ocrx_word' id='word_1_13' title='bbox 394 323 542 369; x_wconf 89' lang='lat' dir='ltr'>forma</span> <span class='ocrx_word' id='word_1_14' title='bbox 594 325 750 384; x_wconf 90' lang='lat' dir='ltr'>priore</span> <span class='ocrx_word' id='word_1_15' title='bbox 805 323 1078 370; x_wconf 90' lang='lat' dir='ltr'>mirabiliter</span> <span class='ocrx_word' id='word_1_16' title='bbox 1130 325 1285 369; x_wconf 87' lang='lat' dir='ltr'>crines</span> <span class='ocrx_word' id='word_1_17' title='bbox 1337 324 1610 370; x_wconf 89' lang='lat' dir='ltr'>commodat.</span> <span class='ocrx_word' id='word_1_18' title='bbox 1683 323 1774 370; x_wconf 92' lang='lat' dir='ltr'>Lac</span> 
     </span>
     <span class='ocr_line' id='line_1_4' title="bbox 182 392 1775 456; baseline 0 -17"><span class='ocrx_word' id='word_1_19' title='bbox 182 394 423 454; x_wconf 87' lang='lat' dir='ltr'>caprinum</span> <span class='ocrx_word' id='word_1_20' title='bbox 469 395 726 455; x_wconf 89' lang='lat' dir='ltr'>incoctum,</span> <span class='ocrx_word' id='word_1_21' title='bbox 779 392 859 439; x_wconf 91' lang='lat' dir='ltr'>sed</span> <span class='ocrx_word' id='word_1_22' title='bbox 911 407 1005 439; x_wconf 93' lang='lat' dir='ltr'>non</span> <span class='ocrx_word' id='word_1_23' title='bbox 1058 392 1367 439; x_wconf 86' lang='lat' dir='ltr'>adulteratum</span> <span class='ocrx_word' id='word_1_24' title='bbox 1420 400 1500 440; x_wconf 90' lang='lat' dir='ltr'>aut</span> <span class='ocrx_word' id='word_1_25' title='bbox 1550 395 1775 456; x_wconf 85' lang='lat' dir='ltr'>vitiatum,</span> 
     </span>
     <span class='ocr_line' id='line_1_5' title="bbox 125 462 1802 526; baseline -0.001 -16"><span class='ocrx_word' id='word_1_26' title='bbox 125 474 148 511; x_wconf 85' lang='lat'>9</span> <span class='ocrx_word' id='word_1_27' title='bbox 181 468 308 509; x_wconf 89' lang='lat' dir='ltr'>recte</span> <span class='ocrx_word' id='word_1_28' title='bbox 347 462 566 523; x_wconf 81' lang='lat' dir='ltr'>alopeciis</span> <span class='ocrx_word' id='word_1_29' title='bbox 603 463 871 509; x_wconf 88' lang='lat' dir='ltr'>infricatur:</span> <span class='ocrx_word' id='word_1_30' title='bbox 919 463 1088 508; x_wconf 89' lang='lat' dir='ltr'>mirum</span> <span class='ocrx_word' id='word_1_31' title='bbox 1135 468 1218 509; x_wconf 88' lang='lat' dir='ltr'>est.</span> <span class='ocrx_word' id='word_1_32' title='bbox 1284 462 1456 510; x_wconf 80' lang='lat' dir='ltr'>Vitium</span> <span class='ocrx_word' id='word_1_33' title='bbox 1496 464 1682 526; x_wconf 90' lang='lat' dir='ltr'>capitis,</span> <span class='ocrx_word' id='word_1_34' title='bbox 1726 464 1802 508; x_wconf 79' lang='lat' dir='ltr'>in&#39;</span> 
     </span>
     <span class='ocr_line' id='line_1_6' title="bbox 183 531 1818 594; baseline -0.002 -15"><span class='ocrx_word' id='word_1_35' title='bbox 183 547 274 594; x_wconf 89' lang='lat' dir='ltr'>quo</span> <span class='ocrx_word' id='word_1_36' title='bbox 321 538 430 579; x_wconf 91' lang='lat' dir='ltr'>sunt</span> <span class='ocrx_word' id='word_1_37' title='bbox 475 531 729 592; x_wconf 89' lang='lat' dir='ltr'>alopeciae,</span> <span class='ocrx_word' id='word_1_38' title='bbox 775 533 907 592; x_wconf 89' lang='lat' dir='ltr'>prius</span> <span class='ocrx_word' id='word_1_39' title='bbox 951 531 1151 594; x_wconf 82' lang='lat' dir='ltr'>raditur3</span> <span class='ocrx_word' id='word_1_40' title='bbox 1203 538 1309 593; x_wconf 92' lang='lat' dir='ltr'>post</span> <span class='ocrx_word' id='word_1_41' title='bbox 1351 532 1445 579; x_wconf 91' lang='lat' dir='ltr'>illic</span> <span class='ocrx_word' id='word_1_42' title='bbox 1491 547 1601 593; x_wconf 90' lang='lat' dir='ltr'>cepa</span> <span class='ocrx_word' id='word_1_43' title='bbox 1647 546 1818 578; x_wconf 82' lang='lat' dir='ltr'>acer-5</span> 
     </span>
     <span class='ocr_line' id='line_1_7' title="bbox 181 601 1776 663; baseline -0.001 -15"><span class='ocrx_word' id='word_1_44' title='bbox 181 603 297 648; x_wconf 90' lang='lat' dir='ltr'>rima</span> <span class='ocrx_word' id='word_1_45' title='bbox 335 601 631 663; x_wconf 80' lang='lat' dir='ltr'>perfricatur,</span> <span class='ocrx_word' id='word_1_46' title='bbox 670 601 836 647; x_wconf 91' lang='lat' dir='ltr'>deinde</span> <span class='ocrx_word' id='word_1_47' title='bbox 874 601 1102 648; x_wconf 91' lang='lat' dir='ltr'>hordeum</span> <span class='ocrx_word' id='word_1_48' title='bbox 1133 602 1428 648; x_wconf 89' lang='lat' dir='ltr'>combustum</span> <span class='ocrx_word' id='word_1_49' title='bbox 1458 608 1504 648; x_wconf 92' lang='lat' dir='ltr'>et</span> <span class='ocrx_word' id='word_1_50' title='bbox 1534 604 1581 647; x_wconf 91' lang='lat' dir='ltr'>in</span> <span class='ocrx_word' id='word_1_51' title='bbox 1621 601 1776 663; x_wconf 89' lang='lat' dir='ltr'>pulve-</span> 
     </span>
     <span class='ocr_line' id='line_1_8' title="bbox 182 671 1775 732; baseline -0.001 -14"><span class='ocrx_word' id='word_1_52' title='bbox 182 686 281 718; x_wconf 92' lang='lat' dir='ltr'>rem</span> <span class='ocrx_word' id='word_1_53' title='bbox 327 671 569 717; x_wconf 87' lang='lat' dir='ltr'>redactum</span> <span class='ocrx_word' id='word_1_54' title='bbox 615 685 722 717; x_wconf 89' lang='lat' dir='ltr'>cum</span> <span class='ocrx_word' id='word_1_55' title='bbox 761 672 920 717; x_wconf 89' lang='lat' dir='ltr'>ursina</span> <span class='ocrx_word' id='word_1_56' title='bbox 959 671 1092 732; x_wconf 90' lang='lat' dir='ltr'>adipe</span> <span class='ocrx_word' id='word_1_57' title='bbox 1131 673 1411 732; x_wconf 84' lang='lat' dir='ltr'>permixtum</span> <span class='ocrx_word' id='word_1_58' title='bbox 1452 672 1775 732; x_wconf 90' lang='lat' dir='ltr'>superinponi-</span> 
     </span>
     <span class='ocr_line' id='line_1_9' title="bbox 102 740 1776 801; baseline -0.001 -13"><span class='ocrx_word' id='word_1_59' title='bbox 102 752 152 788; x_wconf 91' lang='lat'>10</span> <span class='ocrx_word' id='word_1_60' title='bbox 183 748 274 788; x_wconf 87' lang='lat' dir='ltr'>tur.</span> <span class='ocrx_word' id='word_1_61' title='bbox 342 740 544 787; x_wconf 91' lang='lat' dir='ltr'>Herbam</span> <span class='ocrx_word' id='word_1_62' title='bbox 589 741 752 788; x_wconf 89' lang='lat' dir='ltr'>cardui</span> <span class='ocrx_word' id='word_1_63' title='bbox 799 742 996 801; x_wconf 88' lang='lat' dir='ltr'>agrestis</span> <span class='ocrx_word' id='word_1_64' title='bbox 1040 742 1088 787; x_wconf 91' lang='lat' dir='ltr'>in</span> <span class='ocrx_word' id='word_1_65' title='bbox 1127 742 1347 787; x_wconf 87' lang='lat' dir='ltr'>mortario</span> <span class='ocrx_word' id='word_1_66' title='bbox 1386 755 1534 801; x_wconf 90' lang='lat' dir='ltr'>usque</span> <span class='ocrx_word' id='word_1_67' title='bbox 1573 741 1628 787; x_wconf 92' lang='lat' dir='ltr'>ad</span> <span class='ocrx_word' id='word_1_68' title='bbox 1668 740 1776 786; x_wconf 90' lang='lat' dir='ltr'>levi-</span> 
     </span>
     <span class='ocr_line' id='line_1_10' title="bbox 182 809 1776 871; baseline -0.002 -14"><span class='ocrx_word' id='word_1_69' title='bbox 182 817 325 858; x_wconf 83' lang='lat' dir='ltr'>tatem</span> <span class='ocrx_word' id='word_1_70' title='bbox 369 812 509 857; x_wconf 89' lang='lat' dir='ltr'>terito</span> <span class='ocrx_word' id='word_1_71' title='bbox 556 825 762 871; x_wconf 85' lang='lat' dir='ltr'>sucoque</span> <span class='ocrx_word' id='word_1_72' title='bbox 809 812 908 857; x_wconf 91' lang='lat' dir='ltr'>eius</span> <span class='ocrx_word' id='word_1_73' title='bbox 947 824 1168 871; x_wconf 87' lang='lat' dir='ltr'>expresso</span> <span class='ocrx_word' id='word_1_74' title='bbox 1206 810 1359 858; x_wconf 92' lang='lat' dir='ltr'>locum</span> <span class='ocrx_word' id='word_1_75' title='bbox 1399 810 1630 871; x_wconf 89' lang='lat' dir='ltr'>alopeciae</span> <span class='ocrx_word' id='word_1_76' title='bbox 1675 809 1776 855; x_wconf 88' lang='lat' dir='ltr'>VIII</span> 
     </span>
     <span class='ocr_line' id='line_1_11' title="bbox 184 879 1841 943; baseline -0.001 -17"><span class='ocrx_word' id='word_1_77' title='bbox 184 879 349 927; x_wconf 89' lang='lat' dir='ltr'>diebus</span> <span class='ocrx_word' id='word_1_78' title='bbox 402 879 617 943; x_wconf 91' lang='lat' dir='ltr'>oblinito,</span> <span class='ocrx_word' id='word_1_79' title='bbox 670 880 750 926; x_wconf 91' lang='lat' dir='ltr'>sed</span> <span class='ocrx_word' id='word_1_80' title='bbox 803 879 876 926; x_wconf 91' lang='lat' dir='ltr'>bis</span> <span class='ocrx_word' id='word_1_81' title='bbox 927 894 1012 941; x_wconf 89' lang='lat' dir='ltr'>per</span> <span class='ocrx_word' id='word_1_82' title='bbox 1063 880 1162 926; x_wconf 92' lang='lat' dir='ltr'>dies</span> <span class='ocrx_word' id='word_1_83' title='bbox 1214 879 1422 940; x_wconf 90' lang='lat' dir='ltr'>singulos</span> <span class='ocrx_word' id='word_1_84' title='bbox 1470 881 1777 941; x_wconf 91' lang='lat' dir='ltr'>perunctione</span> <span class='ocrx_word' id='word_1_85' title='bbox 1801 894 1841 924; x_wconf 93' lang='lat'>10</span> 
     </span>
     <span class='ocr_line' id='line_1_12' title="bbox 105 948 1778 1010; baseline -0.001 -14"><span class='ocrx_word' id='word_1_86' title='bbox 105 960 153 997; x_wconf 86' lang='lat'>11</span> <span class='ocrx_word' id='word_1_87' title='bbox 187 956 419 996; x_wconf 87' lang='lat' dir='ltr'>renovata.</span> <span class='ocrx_word' id='word_1_88' title='bbox 487 949 603 996; x_wconf 90' lang='lat' dir='ltr'>Cum</span> <span class='ocrx_word' id='word_1_89' title='bbox 642 951 802 1010; x_wconf 88' lang='lat' dir='ltr'>sinape</span> <span class='ocrx_word' id='word_1_90' title='bbox 841 951 1128 996; x_wconf 87' lang='lat' dir='ltr'>nasturcium</span> <span class='ocrx_word' id='word_1_91' title='bbox 1167 952 1330 996; x_wconf 91' lang='lat' dir='ltr'>tritum</span> <span class='ocrx_word' id='word_1_92' title='bbox 1369 949 1588 1010; x_wconf 90' lang='lat' dir='ltr'>alopeciis</span> <span class='ocrx_word' id='word_1_93' title='bbox 1625 948 1778 995; x_wconf 89' lang='lat' dir='ltr'>inlini—</span> 
     </span>
     <span class='ocr_line' id='line_1_13' title="bbox 103 1019 1778 1080; baseline -0.001 -14"><span class='ocrx_word' id='word_1_94' title='bbox 103 1030 154 1066; x_wconf 83' lang='lat'>12</span> <span class='ocrx_word' id='word_1_95' title='bbox 186 1028 286 1066; x_wconf 91' lang='lat' dir='ltr'>tum</span> <span class='ocrx_word' id='word_1_96' title='bbox 324 1020 576 1066; x_wconf 88' lang='lat' dir='ltr'>efficaciter</span> <span class='ocrx_word' id='word_1_97' title='bbox 612 1019 817 1080; x_wconf 88' lang='lat' dir='ltr'>prodest.</span> <span class='ocrx_word' id='word_1_98' title='bbox 877 1019 1089 1080; x_wconf 84' lang='lat' dir='ltr'>Cydonea</span> <span class='ocrx_word' id='word_1_99' title='bbox 1127 1019 1243 1066; x_wconf 89' lang='lat' dir='ltr'>mala</span> <span class='ocrx_word' id='word_1_100' title='bbox 1281 1019 1487 1066; x_wconf 86' lang='lat' dir='ltr'>discocta</span> <span class='ocrx_word' id='word_1_101' title='bbox 1522 1034 1627 1066; x_wconf 87' lang='lat' dir='ltr'>cum</span> <span class='ocrx_word' id='word_1_102' title='bbox 1658 1020 1778 1080; x_wconf 88' lang='lat' dir='ltr'>vino,</span> 
     </span>
     <span class='ocr_line' id='line_1_14' title="bbox 183 1088 1778 1150; baseline -0.001 -14"><span class='ocrx_word' id='word_1_103' title='bbox 183 1089 352 1137; x_wconf 91' lang='lat' dir='ltr'>dehinc</span> <span class='ocrx_word' id='word_1_104' title='bbox 391 1090 500 1135; x_wconf 89' lang='lat' dir='ltr'>trita</span> <span class='ocrx_word' id='word_1_105' title='bbox 538 1103 767 1150; x_wconf 85' lang='lat' dir='ltr'>ceraeque</span> <span class='ocrx_word' id='word_1_106' title='bbox 805 1088 1082 1149; x_wconf 85' lang='lat' dir='ltr'>liquefactae</span> <span class='ocrx_word' id='word_1_107' title='bbox 1121 1089 1274 1135; x_wconf 90' lang='lat' dir='ltr'>addita</span> <span class='ocrx_word' id='word_1_108' title='bbox 1316 1095 1363 1135; x_wconf 91' lang='grc'>01</span> <span class='ocrx_word' id='word_1_109' title='bbox 1400 1090 1540 1149; x_wconf 84' lang='lat' dir='ltr'>capiti</span> <span class='ocrx_word' id='word_1_110' title='bbox 1577 1089 1778 1148; x_wconf 91' lang='lat' dir='ltr'>inposita</span> 
     </span>
     <span class='ocr_line' id='line_1_15' title="bbox 99 1157 1778 1220; baseline -0.001 -15"><span class='ocrx_word' id='word_1_111' title='bbox 99 1170 150 1206; x_wconf 90' lang='lat'>13</span> <span class='ocrx_word' id='word_1_112' title='bbox 183 1159 400 1220; x_wconf 88' lang='lat' dir='ltr'>capillum</span> <span class='ocrx_word' id='word_1_113' title='bbox 438 1160 666 1205; x_wconf 86' lang='lat' dir='ltr'>nutriunt.</span> <span class='ocrx_word' id='word_1_114' title='bbox 726 1158 1032 1219; x_wconf 90' lang='lat' dir='ltr'>Opobalsamo</span> <span class='ocrx_word' id='word_1_115' title='bbox 1072 1173 1239 1219; x_wconf 92' lang='lat' dir='ltr'>operae</span> <span class='ocrx_word' id='word_1_116' title='bbox 1277 1160 1482 1219; x_wconf 91' lang='lat' dir='ltr'>pretium</span> <span class='ocrx_word' id='word_1_117' title='bbox 1520 1164 1591 1204; x_wconf 88' lang='lat' dir='ltr'>est</span> <span class='ocrx_word' id='word_1_118' title='bbox 1628 1157 1778 1217; x_wconf 88' lang='lat' dir='ltr'>alope-</span> 
     </span>
     <span class='ocr_line' id='line_1_16' title="bbox 102 1221 1844 1294; baseline -0.002 -19"><span class='ocrx_word' id='word_1_119' title='bbox 102 1239 154 1276; x_wconf 87' lang='lat'>14</span> <span class='ocrx_word' id='word_1_120' title='bbox 185 1230 280 1275; x_wconf 90' lang='lat' dir='ltr'>cias</span> <span class='ocrx_word' id='word_1_121' title='bbox 319 1243 510 1290; x_wconf 89' lang='lat' dir='ltr'>ungere,</span> <span class='ocrx_word' id='word_1_122' title='bbox 548 1234 601 1274; x_wconf 89' lang='lat' dir='ltr'>ut</span> <span class='ocrx_word' id='word_1_123' title='bbox 631 1229 723 1274; x_wconf 92' lang='lat' dir='ltr'>cito</span> <span class='ocrx_word' id='word_1_124' title='bbox 755 1227 909 1288; x_wconf 91' lang='lat' dir='ltr'>capilli</span> <span class='ocrx_word' id='word_1_125' title='bbox 939 1234 1203 1274; x_wconf 85' lang='lat' dir='ltr'>nascantur.</span> <span class='ocrx_word' id='word_1_126' title='bbox 1255 1227 1377 1274; x_wconf 92' lang='lat' dir='ltr'>Nitri</span> <span class='ocrx_word' id='word_1_127' title='bbox 1408 1227 1542 1274; x_wconf 85' lang='lat' dir='ltr'>rubri</span> <span class='ocrx_word' id='word_1_128' title='bbox 1581 1221 1642 1294; x_wconf 48' lang='lat'><em>2</em></span> <span class='ocrx_word' id='word_1_129' title='bbox 1666 1225 1780 1288; x_wconf 86' lang='lat' dir='ltr'>VIII,</span> <span class='ocrx_word' id='word_1_130' title='bbox 1805 1241 1844 1272; x_wconf 88' lang='lat'>15</span> 
     </span>
     <span class='ocr_line' id='line_1_17' title="bbox 183 1291 1781 1364; baseline -0.001 -20"><span class='ocrx_word' id='word_1_131' title='bbox 183 1299 383 1360; x_wconf 86' lang='lat' dir='ltr'>pumicis</span> <span class='ocrx_word' id='word_1_132' title='bbox 417 1292 477 1364; x_wconf 54' lang='grc' dir='ltr'>ᾃα</span> <span class='ocrx_word' id='word_1_133' title='bbox 509 1296 564 1358; x_wconf 89' lang='lat'>11,</span> <span class='ocrx_word' id='word_1_134' title='bbox 603 1297 711 1343; x_wconf 91' lang='lat' dir='ltr'>salis</span> <span class='ocrx_word' id='word_1_135' title='bbox 749 1299 1025 1343; x_wconf 85' lang='lat' dir='ltr'>ammoniaci</span> <span class='ocrx_word' id='word_1_136' title='bbox 1064 1291 1124 1364; x_wconf 54' lang='lat'>9⁴</span> <span class='ocrx_word' id='word_1_137' title='bbox 1156 1296 1257 1343; x_wconf 92' lang='lat' dir='ltr'>VIII</span> <span class='ocrx_word' id='word_1_138' title='bbox 1293 1304 1418 1344; x_wconf 90' lang='lat' dir='ltr'>teres</span> <span class='ocrx_word' id='word_1_139' title='bbox 1449 1297 1698 1358; x_wconf 86' lang='lat' dir='ltr'>diligenter</span> <span class='ocrx_word' id='word_1_140' title='bbox 1735 1302 1781 1342; x_wconf 87' lang='grc'>01</span> 
     </span>
     <span class='ocr_line' id='line_1_18' title="bbox 183 1366 1779 1429; baseline -0.001 -15"><span class='ocrx_word' id='word_1_141' title='bbox 183 1373 344 1429; x_wconf 89' lang='lat' dir='ltr'>postea</span> <span class='ocrx_word' id='word_1_142' title='bbox 397 1366 616 1413; x_wconf 88' lang='lat' dir='ltr'>miscebis</span> <span class='ocrx_word' id='word_1_143' title='bbox 669 1368 894 1428; x_wconf 90' lang='lat' dir='ltr'>priusque</span> <span class='ocrx_word' id='word_1_144' title='bbox 941 1373 1082 1428; x_wconf 86' lang='lat' dir='ltr'>caput</span> <span class='ocrx_word' id='word_1_145' title='bbox 1126 1366 1334 1429; x_wconf 79' lang='lat' dir='ltr'>alcyonio</span> <span class='ocrx_word' id='word_1_146' title='bbox 1386 1373 1433 1413; x_wconf 88' lang='lat' dir='ltr'>et</span> <span class='ocrx_word' id='word_1_147' title='bbox 1490 1369 1614 1413; x_wconf 90' lang='lat' dir='ltr'>nitro</span> <span class='ocrx_word' id='word_1_148' title='bbox 1673 1380 1779 1412; x_wconf 89' lang='lat' dir='ltr'>con-</span> 
     </span>
     <span class='ocr_line' id='line_1_19' title="bbox 183 1436 1779 1499; baseline -0.001 -16"><span class='ocrx_word' id='word_1_149' title='bbox 183 1440 327 1484; x_wconf 87' lang='lat' dir='ltr'>mixto</span> <span class='ocrx_word' id='word_1_150' title='bbox 382 1436 680 1499; x_wconf 76' lang='lat' dir='ltr'>perfricabis,</span> <span class='ocrx_word' id='word_1_151' title='bbox 732 1451 839 1483; x_wconf 86' lang='lat' dir='ltr'>mox</span> <span class='ocrx_word' id='word_1_152' title='bbox 891 1436 1181 1483; x_wconf 88' lang='lat' dir='ltr'>medicamen</span> <span class='ocrx_word' id='word_1_153' title='bbox 1233 1438 1460 1497; x_wconf 82' lang='lat' dir='ltr'>inpones:</span> <span class='ocrx_word' id='word_1_154' title='bbox 1514 1451 1605 1497; x_wconf 90' lang='lat' dir='ltr'>quo</span> <span class='ocrx_word' id='word_1_155' title='bbox 1658 1436 1779 1482; x_wconf 90' lang='lat' dir='ltr'>facto</span> 
     </span>
     <span class='ocr_line' id='line_1_20' title="bbox 103 1504 1779 1568; baseline -0.003 -13"><span class='ocrx_word' id='word_1_156' title='bbox 103 1518 150 1556; x_wconf 85' lang='lat'>15</span> <span class='ocrx_word' id='word_1_157' title='bbox 186 1507 340 1568; x_wconf 89' lang='lat' dir='ltr'>capilli</span> <span class='ocrx_word' id='word_1_158' title='bbox 377 1512 643 1554; x_wconf 88' lang='lat' dir='ltr'>nascentur.</span> <span class='ocrx_word' id='word_1_159' title='bbox 704 1505 914 1567; x_wconf 86' lang='lat' dir='ltr'>Magnam</span> <span class='ocrx_word' id='word_1_160' title='bbox 953 1506 1220 1553; x_wconf 86' lang='lat' dir='ltr'>foeditatem</span> <span class='ocrx_word' id='word_1_161' title='bbox 1258 1508 1399 1567; x_wconf 88' lang='lat' dir='ltr'>capiti</span> <span class='ocrx_word' id='word_1_162' title='bbox 1437 1506 1654 1552; x_wconf 90' lang='lat' dir='ltr'>adferunt</span> <span class='ocrx_word' id='word_1_163' title='bbox 1690 1504 1779 1551; x_wconf 89' lang='lat' dir='ltr'>alo-</span> 
     </span>
     <span class='ocr_line' id='line_1_21' title="bbox 183 1576 1844 1639; baseline -0.002 -16"><span class='ocrx_word' id='word_1_164' title='bbox 183 1578 357 1639; x_wconf 90' lang='lat' dir='ltr'>peciae,</span> <span class='ocrx_word' id='word_1_165' title='bbox 398 1591 514 1637; x_wconf 91' lang='lat' dir='ltr'>quae</span> <span class='ocrx_word' id='word_1_166' title='bbox 554 1577 621 1622; x_wconf 91' lang='grc'>510</span> <span class='ocrx_word' id='word_1_167' title='bbox 660 1576 989 1623; x_wconf 78' lang='lat' dir='ltr'>emendant-ur:</span> <span class='ocrx_word' id='word_1_168' title='bbox 1026 1576 1094 1622; x_wconf 88' lang='lat' dir='ltr'>Ex</span> <span class='ocrx_word' id='word_1_169' title='bbox 1124 1576 1244 1637; x_wconf 91' lang='lat' dir='ltr'>pelle</span> <span class='ocrx_word' id='word_1_170' title='bbox 1275 1577 1542 1636; x_wconf 85' lang='lat' dir='ltr'>viperarum</span> <span class='ocrx_word' id='word_1_171' title='bbox 1573 1577 1778 1621; x_wconf 88' lang='lat' dir='ltr'>cinerem</span> <span class='ocrx_word' id='word_1_172' title='bbox 1803 1589 1844 1619; x_wconf 85' lang='lat'>20</span> 
     </span>
     <span class='ocr_line' id='line_1_22' title="bbox 184 1645 1780 1707; baseline -0.003 -14"><span class='ocrx_word' id='word_1_173' title='bbox 184 1647 325 1693; x_wconf 90' lang='lat' dir='ltr'>facies</span> <span class='ocrx_word' id='word_1_174' title='bbox 371 1651 509 1706; x_wconf 87' lang='lat' dir='ltr'>atque</span> <span class='ocrx_word' id='word_1_175' title='bbox 557 1645 748 1692; x_wconf 90' lang='lat' dir='ltr'>adsidue</span> <span class='ocrx_word' id='word_1_176' title='bbox 786 1645 879 1692; x_wconf 85' lang='grc'>11110</span> <span class='ocrx_word' id='word_1_177' title='bbox 919 1659 1161 1707; x_wconf 85' lang='lat' dir='ltr'>asperges,</span> <span class='ocrx_word' id='word_1_178' title='bbox 1208 1645 1476 1692; x_wconf 89' lang='lat' dir='ltr'>emendabis</span> <span class='ocrx_word' id='word_1_179' title='bbox 1514 1647 1614 1691; x_wconf 89' lang='lat' dir='ltr'>sine</span> <span class='ocrx_word' id='word_1_180' title='bbox 1653 1658 1780 1690; x_wconf 89' lang='lat' dir='ltr'>mora</span> 
     </span>
     <span class='ocr_line' id='line_1_23' title="bbox 102 1713 1780 1776; baseline -0.003 -12"><span class='ocrx_word' id='word_1_181' title='bbox 102 1728 152 1765; x_wconf 88' lang='grc'>16</span> <span class='ocrx_word' id='word_1_182' title='bbox 184 1717 363 1763; x_wconf 83' lang='lat' dir='ltr'>vitium.</span> <span class='ocrx_word' id='word_1_183' title='bbox 439 1715 741 1762; x_wconf 89' lang='lat' dir='ltr'>Fermentum</span> <span class='ocrx_word' id='word_1_184' title='bbox 786 1714 1026 1775; x_wconf 89' lang='lat' dir='ltr'>sulphuris</span> <span class='ocrx_word' id='word_1_185' title='bbox 1071 1715 1322 1774; x_wconf 89' lang='lat' dir='ltr'>combusti,</span> <span class='ocrx_word' id='word_1_186' title='bbox 1370 1715 1492 1776; x_wconf 91' lang='lat' dir='ltr'>quod</span> <span class='ocrx_word' id='word_1_187' title='bbox 1538 1729 1563 1760; x_wconf 92' lang='lat' dir='ltr'>a</span> <span class='ocrx_word' id='word_1_188' title='bbox 1607 1713 1780 1760; x_wconf 90' lang='lat' dir='ltr'>fullone</span> 
     </span>
     <span class='ocr_line' id='line_1_24' title="bbox 185 1782 1780 1848; baseline -0.001 -17"><span class='ocrx_word' id='word_1_189' title='bbox 185 1786 358 1832; x_wconf 87' lang='lat' dir='ltr'>factum</span> <span class='ocrx_word' id='word_1_190' title='bbox 404 1786 566 1848; x_wconf 84' lang='lat' dir='ltr'>fuerit,</span> <span class='ocrx_word' id='word_1_191' title='bbox 611 1799 718 1831; x_wconf 92' lang='lat' dir='ltr'>cum</span> <span class='ocrx_word' id='word_1_192' title='bbox 763 1784 864 1831; x_wconf 93' lang='lat' dir='ltr'>oleo</span> <span class='ocrx_word' id='word_1_193' title='bbox 910 1799 1101 1831; x_wconf 88' lang='lat' dir='ltr'>rosaceo</span> <span class='ocrx_word' id='word_1_194' title='bbox 1146 1784 1365 1831; x_wconf 90' lang='lat' dir='ltr'>miscebis</span> <span class='ocrx_word' id='word_1_195' title='bbox 1404 1790 1451 1831; x_wconf 90' lang='lat' dir='ltr'>et</span> <span class='ocrx_word' id='word_1_196' title='bbox 1497 1784 1553 1830; x_wconf 92' lang='lat' dir='ltr'>de</span> <span class='ocrx_word' id='word_1_197' title='bbox 1591 1782 1780 1845; x_wconf 90' lang='lat' dir='ltr'>pinnula</span> 
     </span>
     <span class='ocr_line' id='line_1_25' title="bbox 104 1853 1780 1917; baseline -0.002 -14"><span class='ocrx_word' id='word_1_198' title='bbox 104 1866 152 1903; x_wconf 82' lang='lat'>17</span> <span class='ocrx_word' id='word_1_199' title='bbox 185 1857 327 1916; x_wconf 90' lang='lat' dir='ltr'>capiti</span> <span class='ocrx_word' id='word_1_200' title='bbox 363 1854 546 1901; x_wconf 90' lang='lat' dir='ltr'>inlines.</span> <span class='ocrx_word' id='word_1_201' title='bbox 612 1854 812 1901; x_wconf 89' lang='lat' dir='ltr'>Roboris</span> <span class='ocrx_word' id='word_1_202' title='bbox 848 1854 1038 1917; x_wconf 88' lang='lat' dir='ltr'>pilulae,</span> <span class='ocrx_word' id='word_1_203' title='bbox 1078 1869 1195 1916; x_wconf 90' lang='lat' dir='ltr'>quae</span> <span class='ocrx_word' id='word_1_204' title='bbox 1233 1854 1374 1915; x_wconf 90' lang='lat' dir='ltr'>gallas</span> <span class='ocrx_word' id='word_1_205' title='bbox 1411 1853 1635 1915; x_wconf 84' lang='lat' dir='ltr'>similant,</span> <span class='ocrx_word' id='word_1_206' title='bbox 1674 1867 1780 1899; x_wconf 93' lang='lat' dir='ltr'>cum</span> 
     </span>
     <span class='ocr_line' id='line_1_26' title="bbox 104 1923 1845 1986; baseline -0.002 -14"><span class='ocrx_word' id='word_1_207' title='bbox 104 1935 153 1973; x_wconf 87' lang='lat'>18</span> <span class='ocrx_word' id='word_1_208' title='bbox 186 1925 320 1986; x_wconf 86' lang='lat' dir='ltr'>adipe</span> <span class='ocrx_word' id='word_1_209' title='bbox 365 1926 526 1971; x_wconf 85' lang='lat' dir='ltr'>ursina</span> <span class='ocrx_word' id='word_1_210' title='bbox 571 1926 709 1971; x_wconf 88' lang='lat' dir='ltr'>tritae</span> <span class='ocrx_word' id='word_1_211' title='bbox 754 1924 1003 1971; x_wconf 87' lang='lat' dir='ltr'>emendant</span> <span class='ocrx_word' id='word_1_212' title='bbox 1048 1923 1289 1985; x_wconf 86' lang='lat' dir='ltr'>alopecias.</span> <span class='ocrx_word' id='word_1_213' title='bbox 1357 1923 1546 1970; x_wconf 90' lang='lat' dir='ltr'>Glandis</span> <span class='ocrx_word' id='word_1_214' title='bbox 1595 1936 1779 1984; x_wconf 90' lang='lat' dir='ltr'>quoque</span> <span class='ocrx_word' id='word_1_215' title='bbox 1804 1935 1845 1967; x_wconf 79' lang='lat'>25</span> 
     </span>
     <span class='ocr_line' id='line_1_27' title="bbox 185 1992 1780 2056; baseline -0.002 -15"><span class='ocrx_word' id='word_1_216' title='bbox 185 1996 364 2056; x_wconf 86' lang='lat' dir='ltr'>saginae</span> <span class='ocrx_word' id='word_1_217' title='bbox 404 2001 594 2041; x_wconf 87' lang='lat' dir='ltr'>exustae</span> <span class='ocrx_word' id='word_1_218' title='bbox 633 1995 751 2041; x_wconf 90' lang='lat' dir='ltr'>cinis</span> <span class='ocrx_word' id='word_1_219' title='bbox 797 2009 903 2040; x_wconf 90' lang='lat' dir='ltr'>cum</span> <span class='ocrx_word' id='word_1_220' title='bbox 945 1994 1080 2040; x_wconf 92' lang='lat' dir='ltr'>melle</span> <span class='ocrx_word' id='word_1_221' title='bbox 1120 1993 1339 2054; x_wconf 90' lang='lat' dir='ltr'>alopeciis</span> <span class='ocrx_word' id='word_1_222' title='bbox 1377 1993 1538 2039; x_wconf 87' lang='lat' dir='ltr'>inlitus</span> <span class='ocrx_word' id='word_1_223' title='bbox 1575 1992 1780 2054; x_wconf 90' lang='lat' dir='ltr'>prodest.</span> 
     </span>
     <span class='ocr_line' id='line_1_28' title="bbox 103 2061 1782 2126; baseline -0.004 -13"><span class='ocrx_word' id='word_1_224' title='bbox 103 2076 152 2113; x_wconf 84' lang='lat'>19</span> <span class='ocrx_word' id='word_1_225' title='bbox 186 2064 410 2126; x_wconf 88' lang='lat' dir='ltr'>Cupressi</span> <span class='ocrx_word' id='word_1_226' title='bbox 431 2063 684 2125; x_wconf 88' lang='lat' dir='ltr'>pilularum</span> <span class='ocrx_word' id='word_1_227' title='bbox 709 2071 979 2110; x_wconf 84' lang='lat' dir='ltr'>exustarum</span> <span class='ocrx_word' id='word_1_228' title='bbox 1003 2063 1154 2125; x_wconf 87' lang='lat' dir='ltr'>pulvis</span> <span class='ocrx_word' id='word_1_229' title='bbox 1177 2065 1332 2126; x_wconf 89' lang='lat' dir='ltr'>tritus,</span> <span class='ocrx_word' id='word_1_230' title='bbox 1363 2062 1642 2123; x_wconf 89' lang='lat' dir='ltr'>ungularum</span> <span class='ocrx_word' id='word_1_231' title='bbox 1668 2061 1782 2107; x_wconf 90' lang='lat' dir='ltr'>muli</span> 
     </span>
     <span class='ocr_line' id='line_1_29' title="bbox 184 2133 1780 2195; baseline -0.002 -16"><span class='ocrx_word' id='word_1_232' title='bbox 184 2133 256 2180; x_wconf 89' lang='lat' dir='ltr'>vel</span> <span class='ocrx_word' id='word_1_233' title='bbox 293 2133 444 2181; x_wconf 89' lang='lat' dir='ltr'>mulae</span> <span class='ocrx_word' id='word_1_234' title='bbox 485 2140 755 2180; x_wconf 87' lang='lat' dir='ltr'>exustarum</span> <span class='ocrx_word' id='word_1_235' title='bbox 793 2136 910 2180; x_wconf 91' lang='lat' dir='ltr'>cinis</span> <span class='ocrx_word' id='word_1_236' title='bbox 949 2139 994 2180; x_wconf 88' lang='grc'>01</span> <span class='ocrx_word' id='word_1_237' title='bbox 1025 2133 1178 2180; x_wconf 86' lang='grc'>01011111</span> <span class='ocrx_word' id='word_1_238' title='bbox 1209 2135 1484 2195; x_wconf 84' lang='lat' dir='ltr'>myrtinum,</span> <span class='ocrx_word' id='word_1_239' title='bbox 1520 2133 1636 2178; x_wconf 91' lang='lat' dir='ltr'>cinis</span> <span class='ocrx_word' id='word_1_240' title='bbox 1670 2145 1780 2192; x_wconf 91' lang='lat' dir='ltr'>quo-</span> 
     </span>
     <span class='ocr_line' id='line_1_30' title="bbox 185 2203 1779 2266; baseline -0.003 -16"><span class='ocrx_word' id='word_1_241' title='bbox 185 2218 275 2266; x_wconf 91' lang='lat' dir='ltr'>que</span> <span class='ocrx_word' id='word_1_242' title='bbox 320 2203 391 2250; x_wconf 89' lang='lat' dir='ltr'>vel</span> <span class='ocrx_word' id='word_1_243' title='bbox 436 2203 575 2249; x_wconf 88' lang='lat' dir='ltr'>fimus</span> <span class='ocrx_word' id='word_1_244' title='bbox 613 2206 816 2250; x_wconf 89' lang='lat' dir='ltr'>murium</span> <span class='ocrx_word' id='word_1_245' title='bbox 855 2205 994 2250; x_wconf 90' lang='lat' dir='ltr'>tritus</span> <span class='ocrx_word' id='word_1_246' title='bbox 1041 2211 1087 2250; x_wconf 90' lang='lat' dir='ltr'>et</span> <span class='ocrx_word' id='word_1_247' title='bbox 1125 2205 1242 2249; x_wconf 91' lang='lat' dir='ltr'>cinis</span> <span class='ocrx_word' id='word_1_248' title='bbox 1280 2204 1434 2249; x_wconf 88' lang='lat' dir='ltr'>exusti</span> <span class='ocrx_word' id='word_1_249' title='bbox 1471 2203 1673 2247; x_wconf 87' lang='lat' dir='ltr'>erinacei</span> <span class='ocrx_word' id='word_1_250' title='bbox 1709 2214 1779 2246; x_wconf 90' lang='lat' dir='ltr'>re—</span> 
     </span>
     <span class='ocr_line' id='line_1_31' title="bbox 185 2271 1844 2320; baseline -0.003 0"><span class='ocrx_word' id='word_1_251' title='bbox 185 2275 332 2320; x_wconf 86' lang='lat' dir='ltr'>centis</span> <span class='ocrx_word' id='word_1_252' title='bbox 364 2272 435 2319; x_wconf 90' lang='lat' dir='ltr'>vel</span> <span class='ocrx_word' id='word_1_253' title='bbox 465 2273 603 2320; x_wconf 90' lang='lat' dir='ltr'>fimus</span> <span class='ocrx_word' id='word_1_254' title='bbox 635 2274 838 2320; x_wconf 90' lang='lat' dir='ltr'>erinacei</span> <span class='ocrx_word' id='word_1_255' title='bbox 867 2287 1033 2319; x_wconf 88' lang='lat' dir='ltr'>recens</span> <span class='ocrx_word' id='word_1_256' title='bbox 1069 2278 1116 2319; x_wconf 91' lang='lat' dir='ltr'>et</span> <span class='ocrx_word' id='word_1_257' title='bbox 1140 2272 1442 2319; x_wconf 87' lang='lat' dir='ltr'>sandaracha:</span> <span class='ocrx_word' id='word_1_258' title='bbox 1479 2271 1593 2317; x_wconf 86' lang='lat' dir='ltr'>haec</span> <span class='ocrx_word' id='word_1_259' title='bbox 1625 2272 1776 2316; x_wconf 90' lang='lat' dir='ltr'>omnia</span> <span class='ocrx_word' id='word_1_260' title='bbox 1803 2284 1844 2314; x_wconf 85' lang='lat'>30</span> 
     </span>
     <span class='ocr_line' id='line_1_32' title="bbox 185 2342 1778 2404; baseline -0.003 -14"><span class='ocrx_word' id='word_1_261' title='bbox 185 2358 293 2390; x_wconf 90' lang='lat' dir='ltr'>cum</span> <span class='ocrx_word' id='word_1_262' title='bbox 338 2348 468 2389; x_wconf 88' lang='lat' dir='ltr'>aceto</span> <span class='ocrx_word' id='word_1_263' title='bbox 517 2349 563 2389; x_wconf 92' lang='lat' dir='ltr'>et</span> <span class='ocrx_word' id='word_1_264' title='bbox 609 2358 714 2390; x_wconf 89' lang='lat' dir='ltr'>cum</span> <span class='ocrx_word' id='word_1_265' title='bbox 751 2345 854 2404; x_wconf 90' lang='lat' dir='ltr'>pice</span> <span class='ocrx_word' id='word_1_266' title='bbox 899 2342 1073 2404; x_wconf 88' lang='lat' dir='ltr'>liquida</span> <span class='ocrx_word' id='word_1_267' title='bbox 1118 2343 1261 2388; x_wconf 87' lang='lat' dir='ltr'>mixta</span> <span class='ocrx_word' id='word_1_268' title='bbox 1307 2348 1352 2387; x_wconf 87' lang='lat' dir='ltr'>et</span> <span class='ocrx_word' id='word_1_269' title='bbox 1396 2342 1595 2401; x_wconf 82' lang='lat' dir='ltr'>inposita</span> <span class='ocrx_word' id='word_1_270' title='bbox 1640 2342 1778 2386; x_wconf 88' lang='lat' dir='ltr'>etiam</span> 
     </span>
     <span class='ocr_line' id='line_1_33' title="bbox 102 2411 1779 2473; baseline -0.003 -13"><span class='ocrx_word' id='word_1_271' title='bbox 102 2424 154 2462; x_wconf 72' lang='lat'>‘20</span> <span class='ocrx_word' id='word_1_272' title='bbox 185 2412 387 2459; x_wconf 87' lang='lat' dir='ltr'>fluentes</span> <span class='ocrx_word' id='word_1_273' title='bbox 426 2412 616 2473; x_wconf 89' lang='lat' dir='ltr'>capillos</span> <span class='ocrx_word' id='word_1_274' title='bbox 656 2414 909 2459; x_wconf 84' lang='lat' dir='ltr'>continent.</span> <span class='ocrx_word' id='word_1_275' title='bbox 968 2411 1225 2472; x_wconf 91' lang='lat' dir='ltr'>Leporinae</span> <span class='ocrx_word' id='word_1_276' title='bbox 1263 2411 1393 2457; x_wconf 90' lang='lat' dir='ltr'>lanae</span> <span class='ocrx_word' id='word_1_277' title='bbox 1432 2418 1622 2456; x_wconf 83' lang='lat' dir='ltr'>exustae</span> <span class='ocrx_word' id='word_1_278' title='bbox 1661 2411 1779 2456; x_wconf 90' lang='lat' dir='ltr'>cinis</span> 
     </span>
     <span class='ocr_line' id='line_1_34' title="bbox 189 2480 1777 2543; baseline -0.002 -15"><span class='ocrx_word' id='word_1_279' title='bbox 189 2497 294 2528; x_wconf 90' lang='lat' dir='ltr'>cum</span> <span class='ocrx_word' id='word_1_280' title='bbox 334 2482 433 2528; x_wconf 93' lang='lat' dir='ltr'>oleo</span> <span class='ocrx_word' id='word_1_281' title='bbox 472 2484 673 2543; x_wconf 82' lang='lat' dir='ltr'>myrtino</span> <span class='ocrx_word' id='word_1_282' title='bbox 712 2488 759 2528; x_wconf 89' lang='lat' dir='ltr'>et</span> <span class='ocrx_word' id='word_1_283' title='bbox 796 2481 900 2528; x_wconf 92' lang='lat' dir='ltr'>felle</span> <span class='ocrx_word' id='word_1_284' title='bbox 938 2483 1124 2527; x_wconf 88' lang='lat' dir='ltr'>taurino</span> <span class='ocrx_word' id='word_1_285' title='bbox 1163 2486 1209 2526; x_wconf 91' lang='lat' dir='ltr'>et</span> <span class='ocrx_word' id='word_1_286' title='bbox 1239 2481 1440 2527; x_wconf 90' lang='lat' dir='ltr'>alumine</span> <span class='ocrx_word' id='word_1_287' title='bbox 1472 2481 1582 2526; x_wconf 87' lang='lat' dir='ltr'>trito</span> <span class='ocrx_word' id='word_1_288' title='bbox 1615 2480 1777 2525; x_wconf 89' lang='lat' dir='ltr'>misce-</span> 
     </span>
     <span class='ocr_line' id='line_1_35' title="bbox 187 2549 1778 2613; baseline -0.003 -15"><span class='ocrx_word' id='word_1_289' title='bbox 187 2558 264 2598; x_wconf 85' lang='lat' dir='ltr'>tur</span> <span class='ocrx_word' id='word_1_290' title='bbox 310 2552 687 2613; x_wconf 87' lang='lat' dir='ltr'>tepefactumque</span> <span class='ocrx_word' id='word_1_291' title='bbox 731 2551 1020 2598; x_wconf 90' lang='lat' dir='ltr'>medicamen</span> <span class='ocrx_word' id='word_1_292' title='bbox 1064 2550 1246 2596; x_wconf 87' lang='lat' dir='ltr'>inlitum</span> <span class='ocrx_word' id='word_1_293' title='bbox 1290 2550 1535 2596; x_wconf 89' lang='lat' dir='ltr'>admodum</span> <span class='ocrx_word' id='word_1_294' title='bbox 1575 2549 1778 2610; x_wconf 87' lang='lat' dir='ltr'>prodest.</span> 
     </span>
     <span class='ocr_line' id='line_1_36' title="bbox 101 2619 1837 2681; baseline -0.002 -14"><span class='ocrx_word' id='word_1_295' title='bbox 101 2632 154 2668; x_wconf 81' lang='lat'>21</span> <span class='ocrx_word' id='word_1_296' title='bbox 185 2620 451 2667; x_wconf 90' lang='lat' dir='ltr'>Muscarum</span> <span class='ocrx_word' id='word_1_297' title='bbox 498 2623 647 2681; x_wconf 87' lang='lat' dir='ltr'>capita</span> <span class='ocrx_word' id='word_1_298' title='bbox 694 2621 935 2668; x_wconf 90' lang='lat' dir='ltr'>combusta</span> <span class='ocrx_word' id='word_1_299' title='bbox 981 2626 1027 2666; x_wconf 89' lang='lat' dir='ltr'>et</span> <span class='ocrx_word' id='word_1_300' title='bbox 1072 2635 1178 2667; x_wconf 93' lang='lat' dir='ltr'>cum</span> <span class='ocrx_word' id='word_1_301' title='bbox 1226 2619 1361 2666; x_wconf 91' lang='lat' dir='ltr'>melle</span> <span class='ocrx_word' id='word_1_302' title='bbox 1398 2621 1507 2666; x_wconf 87' lang='lat' dir='ltr'>trita</span> <span class='ocrx_word' id='word_1_303' title='bbox 1547 2620 1778 2679; x_wconf 88' lang='lat' dir='ltr'>capitique</span> <span class='ocrx_word' id='word_1_304' title='bbox 1799 2630 1837 2662; x_wconf 74' lang='lat'>35</span> 
     </span>
     <span class='ocr_line' id='line_1_37' title="bbox 102 2689 1779 2751; baseline -0.002 -15"><span class='ocrx_word' id='word_1_305' title='bbox 102 2701 153 2737; x_wconf 80' lang='lat'>22</span> <span class='ocrx_word' id='word_1_306' title='bbox 185 2690 316 2736; x_wconf 87' lang='lat' dir='ltr'>inlita</span> <span class='ocrx_word' id='word_1_307' title='bbox 354 2693 470 2736; x_wconf 89' lang='lat' dir='ltr'>mire</span> <span class='ocrx_word' id='word_1_308' title='bbox 509 2691 737 2751; x_wconf 89' lang='lat' dir='ltr'>alopecias</span> <span class='ocrx_word' id='word_1_309' title='bbox 774 2690 954 2737; x_wconf 88' lang='lat' dir='ltr'>tollunt.</span> <span class='ocrx_word' id='word_1_310' title='bbox 1019 2689 1202 2736; x_wconf 91' lang='lat' dir='ltr'>Fimum</span> <span class='ocrx_word' id='word_1_311' title='bbox 1241 2689 1559 2736; x_wconf 91' lang='lat' dir='ltr'>columbinum</span> <span class='ocrx_word' id='word_1_312' title='bbox 1598 2690 1634 2734; x_wconf 88' lang='lat' dir='ltr'>si</span> <span class='ocrx_word' id='word_1_313' title='bbox 1675 2689 1779 2748; x_wconf 89' lang='lat' dir='ltr'>quis</span> 
     </span>
     <span class='ocr_line' id='line_1_38' title="bbox 188 2759 1778 2822; baseline -0.002 -16"><span class='ocrx_word' id='word_1_314' title='bbox 188 2774 293 2806; x_wconf 90' lang='lat' dir='ltr'>cum</span> <span class='ocrx_word' id='word_1_315' title='bbox 340 2767 469 2806; x_wconf 87' lang='lat' dir='ltr'>aceto</span> <span class='ocrx_word' id='word_1_316' title='bbox 514 2762 678 2807; x_wconf 87' lang='lat' dir='ltr'>tritum</span> <span class='ocrx_word' id='word_1_317' title='bbox 724 2761 863 2821; x_wconf 90' lang='lat' dir='ltr'>capiti</span> <span class='ocrx_word' id='word_1_318' title='bbox 908 2762 1120 2822; x_wconf 85' lang='lat' dir='ltr'>inponat,</span> <span class='ocrx_word' id='word_1_319' title='bbox 1165 2759 1393 2821; x_wconf 90' lang='lat' dir='ltr'>alopecias</span> <span class='ocrx_word' id='word_1_320' title='bbox 1443 2766 1489 2806; x_wconf 83' lang='lat' dir='ltr'>et</span> <span class='ocrx_word' id='word_1_321' title='bbox 1537 2759 1778 2805; x_wconf 89' lang='lat' dir='ltr'>cicatrices</span> 
     </span>
    </p>
   </div>
  </div>
 </body>
</html>
