1898 3016
74 269 128 308 85

74 339 127 378 86

75 479 127 517 87

73 618 126 656 88

71 897 125 936 89

71 1107 124 1145 9Ο

71 1177 123 1215 91

71 1387 123 1423 92

70 1456 122 1493 93

67 1666 122 1703 94

773 159 832 166 -
909 130 1151 181 264-

299 257 589 320 Ungularum
620 273 906 320 aprunarum
937 265 1208 306 exustarum
1238 261 1355 307 cinis
1378 264 1557 322 potioni
1579 265 1757 325 insper-

161 343 241 376 sus
277 328 534 390 plurimum
572 331 735 376 urinae
767 328 1066 376 difficultates
1095 331 1235 376 iuvat.
1286 330 1482 392 Leporis
1510 333 1756 380 cerebrum

159 400 209 445 in
247 399 355 445 vino
401 398 580 446 utiliter
617 398 797 446 bibitur
835 400 1031 460 eiusque
1069 399 1276 446 testiculi
1312 404 1471 448 tostati
1508 403 1757 450 salubriter

158 468 502 516 manducantur
540 468 597 515 ab
636 483 705 532 eo,
744 470 825 530 qui
861 470 1067 515 vessicae
1105 468 1332 516 molestiis
1363 470 1554 519 laborat.
1613 474 1755 520 Anse-

157 553 264 586 rum
294 538 579 585 silvestrium
610 538 796 600 linguae
827 544 1004 585 assatae
1029 538 1283 586 efficaciter
1307 547 1558 588 sumuntur
1581 544 1630 588 in
1653 542 1756 589 cibo
1779 556 1800 588 5

159 623 184 655 a
221 607 481 655 calculosis.
541 607 723 670 Cymini
762 634 823 642 —
857 607 891 672 I,
928 614 1060 655 rutae
1092 634 1158 641 —
1189 608 1223 671 I,
1258 611 1435 671 piperis
1473 613 1758 659 semunciam

158 684 285 725 teres
323 678 571 739 diligenter
609 684 656 725 et
694 677 904 725 cocleare
941 678 1133 740 plenum
1168 681 1218 725 in
1255 682 1375 727 meri
1409 683 1580 728 veteris
1609 684 1756 743 potio-

159 762 267 795 nem
312 749 471 795 mittes
516 754 564 795 et
600 763 747 810 aquae
793 748 918 809 quod
956 748 1158 795 sufficiat
1195 749 1389 813 adicies3
1433 757 1596 812 postea
1633 753 1757 799 ferro

159 818 379 865 candenti
425 819 612 880 saepius
655 820 863 865 inmerso
909 817 1150 865 calefacies
1202 826 1249 866 et
1299 821 1458 867 ieiuno
1502 821 1757 869 bibendum

158 888 303 951 dabis,
335 888 658 935 efficacissime
689 887 940 935 subvenies
971 890 1236 950 strangurio
1260 889 1503 938 laboranti.
1557 891 1758 953 Spongia
1783 906 1824 936 10

158 973 214 1005 ex
266 957 386 1005 rubo
439 960 619 1005 rosario
651 960 840 1020 vagresti
887 964 1071 1020 sumpta
1116 965 1162 1005 et
1206 973 1324 1021 aqua
1369 960 1557 1024 frigida,
1611 962 1758 1009 donec

155 1028 406 1091 madescat,
437 1034 669 1075 macerata
700 1043 753 1075 ac
785 1028 952 1075 deinde
983 1030 1093 1074 trita
1125 1034 1172 1075 et
1202 1043 1257 1075 ex
1289 1042 1406 1091 aqua
1432 1045 1518 1091 per
1547 1032 1758 1079 triduum

155 1100 290 1159 potui
334 1098 440 1145 data
485 1098 741 1145 efficaciter
786 1098 1045 1145 calculosos
1084 1098 1312 1146 emendat.
1383 1099 1534 1147 Piscis
1572 1103 1757 1162 scorpio

156 1174 338 1215 assatus
368 1169 416 1214 in
449 1167 554 1214 cibo
586 1173 802 1229 sumptus
833 1169 1008 1229 optime
1040 1167 1272 1215 calculoso
1303 1169 1509 1230 prodest.
1564 1170 1756 1218 Cocleae

154 1239 338 1300 inanes,
383 1237 431 1284 id
476 1243 549 1284 est
593 1239 693 1285 sine
740 1252 879 1284 carne
926 1251 1031 1300 sua,
1082 1239 1298 1285 inventae
1344 1245 1566 1287 contusae
1620 1248 1666 1289 et
1709 1243 1759 1288 in
1783 1254 1822 1285 15

154 1307 397 1369 pulverem
434 1309 766 1354 tenuissimum
801 1307 1017 1354 redactae
1048 1309 1097 1354 in
1126 1309 1315 1368 potione
1348 1309 1594 1358 calculosis
1625 1311 1757 1359 datae

155 1377 419 1424 medentur.
487 1377 697 1439 Ungulae
744 1379 941 1439 equinae
988 1377 1175 1424 scobem
1214 1378 1286 1424 vel
1323 1386 1514 1427 exustae
1553 1383 1758 1429 cinerem

157 1449 198 1493 si
235 1447 499 1494 calculosus
535 1449 585 1494 in
621 1449 861 1509 potionem
892 1449 1140 1510 acceperit,
1172 1449 1264 1494 cito
1297 1449 1551 1498 sanabitur.
1603 1451 1758 1499 Herba

154 1518 405 1581 saxifraga,
452 1519 493 1565 si
530 1532 587 1564 ex
625 1517 726 1564 oleo
766 1523 813 1564 et
850 1517 1102 1578 liquamine
1140 1518 1471 1583 manducetur,
1516 1523 1639 1569 intra
1677 1525 1756 1569 tri-

153 1587 300 1634 duum
337 1587 541 1635 calculos
579 1587 813 1635 dissolvet.
1780 1603 1821 1634 20

295 1656 551 1704 Calculosis
582 1663 805 1718 expertus
836 1656 1049 1704 adfirmat
1077 1656 1663 1724 incredibiliter‚succurri
1685 1676 1756 1708 re-

151 1727 306 1774 medio
343 1726 438 1791 tali,
477 1728 517 1774 si
553 1727 753 1790 hircum,
790 1726 958 1773 melius
996 1728 1036 1774 si
1073 1733 1321 1791 agrestem,
1358 1728 1526 1776 melius
1558 1732 1598 1777 si
1627 1733 1755 1778 anni-

152 1796 313 1844 culum
357 1805 404 1844 et
449 1799 490 1844 si
533 1812 694 1844 mense
738 1797 949 1858 Augusto
996 1795 1184 1844 claudas
1227 1797 1331 1844 loco
1376 1800 1501 1846 sicco
1546 1814 1633 1860 per
1674 1803 1755 1848 tri-

151 1867 317 1930 duum,
362 1873 417 1914 ut
461 1869 504 1914 ei
549 1867 671 1914 solas
714 1866 874 1914 laurus
913 1866 1117 1913 edendas
1155 1866 1487 1916 subministres
1525 1878 1571 1916 et
1608 1885 1754 1932 aquae

151 1937 266 1983 nihil
309 1939 527 2000 accipiat3
572 1938 628 1984 ad
673 1943 965 1999 postremum
1002 1938 1143 1983 tertio
1182 1937 1278 1998 die,
1323 1938 1370 1985 id
1408 1945 1480 1986 est
1516 1946 1597 1987 aut
1633 1940 1753 1988 Iovis
1777 1951 1819 1982 25

151 2013 230 2054 aut
269 2006 406 2070 Solis,
444 2007 642 2054 occidas.
694 2006 862 2054 Melius
900 2011 1055 2053 autem
1094 2008 1196 2064 erit,
1236 2009 1277 2054 si
1315 2014 1472 2055 castus
1508 2024 1752 2072 purusque

154 2077 294 2123 suerit
339 2083 386 2123 et
433 2079 515 2139 qui
559 2077 731 2124 occidit
768 2083 815 2124 et
853 2078 933 2138 qui
970 2078 1168 2138 accipiet
1204 2078 1477 2126 remedium.
1551 2079 1752 2127 Exsecto

151 2148 294 2207 igitur
340 2153 531 2208 gutture
579 2149 682 2194 eius
727 2149 916 2208 sanguis
962 2148 1215 2210 excipitur3
1268 2148 1449 2210 utilius,
1497 2150 1537 2195 si
1581 2149 1638 2196 ab
1683 2152 1751 2196 in-

150 2216 359 2264 vestibus
403 2219 565 2279 pueris
610 2218 890 2280 excipiatur3
937 2216 1231 2264 comburitur
1275 2219 1324 2263 in
1361 2232 1468 2264 vaso
1507 2219 1638 2266 fictili
1675 2235 1762 2267 us*

151 2301 240 2348 que
273 2286 328 2334 ad
361 2288 583 2335 cinerem.
638 2286 727 2334 Vas
758 2293 927 2350 autem,
964 2288 1013 2333 in
1045 2302 1136 2348 quo
1168 2287 1438 2346 torrebitur,
1477 2296 1749 2350 coopertum
1772 2299 1814 2329 30

150 2363 196 2404 et
240 2357 425 2404 inlitum
470 2371 614 2419 gypso
659 2358 709 2403 in
757 2357 946 2404 furnum
993 2358 1228 2418 mittetur3
1271 2357 1394 2417 quod
1433 2372 1540 2404 curn
1578 2374 1748 2420 vapore

149 2429 394 2490 exemeris,
430 2429 479 2474 in
516 2427 758 2488 pulverem
796 2432 1012 2474 conteres
1049 2440 1233 2473 necnon
1271 2432 1317 2472 et
1354 2427 1574 2488 polypum
1611 2432 1749 2476 mari-

148 2511 261 2544 num
313 2497 588 2561 identidem,
641 2504 693 2544 ut
738 2497 852 2560 dixi,
907 2502 1122 2544 exustum
1170 2498 1219 2541 in
1262 2495 1503 2556 pulverem
1548 2499 1747 2560 rediges.

289 2623 312 2660 2
343 2617 512 2660 iuvant.
586 2623 610 2660 3
643 2618 806 2660 eiusne.
888 2621 939 2658 10
970 2615 1219 2670 stranguria
1251 2615 1500 2661 Oornarius.
1589 2620 1745 2673 sphon-

148 2671 261 2725 giae.
381 2678 431 2715 12
462 2672 658 2718 tridium.
778 2677 828 2714 15
861 2685 964 2715 casu
994 2673 1095 2714 add.
1126 2676 1225 2714 ante
1254 2673 1460 2716 inventae
1493 2674 1742 2719 Carnarius.

150 2731 201 2769 18
234 2728 488 2772 calculosos.
643 2734 696 2771 20
728 2729 941 2771 dissolvet
969 2728 1145 2780 scripsi:
1176 2729 1380 2771 assolvet.
1533 2735 1584 2772 21
1617 2730 1745 2772 adfir-

146 2783 314 2827 mirfat.
430 2790 481 2827 22
514 2786 781 2839 agniculum.
899 2789 948 2826 31
981 2782 1137 2837 vapori
1170 2783 1418 2828 Commius.
