1898 3016
807 101 1214 151 -48-2

184 228 355 272 missus
392 228 440 272 in
479 240 644 287 aquam
683 227 876 274 naribus
914 228 1145 291 trahatur,
1184 243 1368 276 omnem
1402 245 1426 277 a
1458 233 1607 292 capite
1638 233 1778 292 pitui-

128 306 151 343 6
186 303 279 342 tam
318 295 521 342 detrahit
558 298 688 343 mire.
746 296 881 344 Creta
920 297 1110 344 Cimolia
1149 313 1204 344 ex
1242 306 1371 347 aceto
1411 302 1517 347 trita
1555 307 1601 347 et
1640 316 1777 362 quam

128 376 149 412 7
186 366 463 412 densissime
501 366 645 412 fronti
682 367 883 427 inposita
920 369 1135 427 pituitam
1174 370 1310 416 sistit.
1374 369 1630 418 Mastichen
1669 385 1775 417 cum

182 436 345 495 pipere
391 437 472 496 qui
509 436 589 482 diu
628 437 1103 499 commanducaverit,
1149 438 1370 486 calefacto
1409 440 1602 487 cerebro
1647 455 1775 487 umo-

125 514 149 551 8
181 519 279 551 rem
325 506 519 565 pituitae
564 505 756 552 naribus
799 506 1007 553 effundit.
1068 508 1152 556 ,Ad
1199 514 1431 556 catarrum
1477 512 1572 556 sive
1620 510 1813 556 destil-5

179 574 400 620 lationem
425 577 602 621 umoris
627 589 682 621 ex
707 577 878 636 capite:
911 575 1050 623 Turis
1076 571 1137 644 ,9-
1164 592 1322 641 unum,
1346 580 1522 640 piperis
1548 574 1608 646 9³
1631 594 1778 626 unum

182 650 399 690 conteres
438 644 686 705 diligenter
731 653 777 692 et
818 647 912 692 vini
950 647 1116 693 novelli
1155 649 1278 709 quod
1317 650 1518 696 sufficiat
1555 650 1777 696 admisce-

181 713 253 760 bis
292 719 339 760 et
376 714 569 760 naribus
607 714 818 776 tepidum
855 716 1074 762 infundes
1106 717 1177 763 vel
1207 718 1537 781 gargarizaffis,
1577 719 1658 765 sed
1690 720 1777 765 uti-

127 794 150 831 9
182 783 272 830 lius
318 789 390 830 est
434 783 626 831 naribus
671 785 868 832 infundi.
940 786 1007 831 Ad
1055 793 1194 847 caput
1245 788 1410 834 leviter
1459 789 1778 850 purgandum:

183 853 342 914 Sinapi
387 855 553 900 tritum
602 862 707 901 ante
755 855 877 901 diem
929 858 975 902 in
1029 863 1160 902 aceto
1212 858 1406 904 infunde
1458 859 1514 904 ad
1564 858 1778 905 heminae
1803 871 1843 902 ιο

182 937 451 969 mensuram
496 929 542 970 et
587 939 643 970 ex
689 939 742 970 eo
788 925 910 971 intra
956 940 1008 972 os
1052 931 1159 973 tene
1209 934 1256 974 et
1307 930 1541 989 gargariza
1587 930 1634 974 in
1684 927 1779 974 sole

181 992 328 1039 calido
374 995 561 1039 ieiunus
600 1001 646 1040 et
691 1000 851 1055 aperto
899 1009 979 1041 ore
1024 997 1322 1057 postmodum
1368 998 1498 1059 sede,
1544 1005 1596 1044 ut
1643 1012 1779 1044 umor

99 1073 148 1110 10
181 1062 412 1109 decurrat.
481 1063 751 1124 Staphidem
790 1066 965 1124 agriam
1004 1067 1174 1112 sumito
1223 1073 1269 1113 et
1305 1081 1390 1128 pro
1430 1067 1565 1114 modo
1606 1068 1779 1129 sinapis

181 1146 377 1193 granum
424 1140 470 1178 et
514 1147 651 1179 uvam
688 1148 872 1194 passam
910 1137 1160 1182 commisce
1202 1151 1309 1182 cum
1347 1137 1480 1183 betae
1519 1139 1695 1183 semine
1735 1143 1781 1183 et

182 1216 237 1248 ex
275 1216 330 1247 eo
370 1202 508 1248 facito
546 1203 777 1265 pastillos3
817 1203 1003 1266 quibus,
1043 1207 1082 1250 si
1120 1220 1236 1266 opus
1275 1207 1429 1269 fuerit,
1469 1207 1641 1253 adicies
1680 1221 1779 1253 ace·
1805 1217 1843 1249 15

180 1277 280 1318 tum
320 1278 365 1317 et
404 1286 483 1318 eos
521 1273 709 1319 ieiunus
746 1274 795 1318 in
835 1273 930 1319 sole
969 1276 1125 1321 autin
1156 1275 1338 1322 balineo
1370 1276 1703 1323 commanduca
1734 1283 1781 1323 et

99 1351 146 1388 11
180 1347 394 1402 apertum
432 1356 483 1388 os
521 1347 643 1404 tene,
682 1347 734 1389 ut
770 1357 907 1389 umor
945 1343 1129 1391 defluat.
1187 1344 1256 1392 Ad
1296 1353 1436 1408 caput
1472 1346 1779 1408 purgandum,

182 1411 306 1472 quod
344 1411 487 1458 fuerit
524 1427 818 1459 umorosum:
873 1412 1120 1474 Staphidos
1157 1416 1310 1476 agriae
1350 1410 1412 1482 „9³
1443 1415 1525 1477 ΙΙΙ,
1570 1416 1781 1478 pyrethri

182 1475 242 1547 ᾃα
268 1480 322 1543 ΙΙ,
352 1481 517 1542 hysopi
542 1476 731 1548 211113
761 1484 938 1543 pariter
967 1483 1081 1530 haec
1113 1499 1197 1544 pro
1229 1486 1365 1531 modo
1398 1486 1590 1532 adsidue
1620 1488 1668 1532 in
1700 1500 1780 1532 ore

179 1553 320 1596 missa
358 1553 647 1597 comminues
695 1559 740 1598 et
784 1553 1051 1599 masticabis
1082 1555 1325 1601 incurvato
1357 1558 1521 1617 capite,
1561 1561 1613 1602 ut
1643 1570 1779 1602 umor
1803 1567 1842 1598 20

181 1635 236 1666 ex
275 1622 596 1667 masticatione
636 1621 822 1669 defluat.
879 1621 1012 1676 Quod
1050 1624 1189 1670 facito
1228 1631 1307 1671 aut
1344 1625 1400 1671 ad
1439 1625 1583 1671 solem
1622 1627 1779 1672 autin

99 1702 150 1739 12
180 1690 282 1736 loco
321 1690 495 1751 tepido,
552 1691 620 1737 Ad
658 1693 875 1752 pituitam
914 1707 968 1738 ex
1008 1707 1087 1739 ore
1127 1695 1428 1741 evocandam:
1481 1695 1613 1741 Aeris
1652 1694 1781 1742 floris

182 1760 417 1820 scripulus
455 1775 577 1807 unus
616 1766 662 1807 et
701 1761 757 1807 de
796 1777 909 1809 suco
947 1762 1148 1810 hederae
1186 1764 1310 1810 idem
1341 1764 1523 1825 pondus
1554 1766 1603 1810 in
1634 1779 1781 1811 unum

180 1832 380 1877 mixtum
424 1836 471 1876 et
515 1830 707 1877 naribus
752 1832 960 1879 infusum
1006 1839 1200 1880 evocant
1237 1835 1453 1895 pituitam
1491 1841 1537 1881 et
1575 1834 1780 1881 defluere

101 1913 151 1950 13
183 1899 466 1961 conpellunt.
534 1900 680 1947 Radix
726 1902 937 1962 pyrethri
959 1944 961 1946 .
982 1904 1030 1949 in
1052 1897 1176 1950 *sole
1224 1904 1604 1951 commanducata
1639 1897 1780 1966 'pitui-
1804 1915 1844 1947 25

100 1983 152 2019 14
182 1976 275 2016 tam
329 1976 375 2016 et
419 1984 630 2016 umorem
677 1973 842 2032 capitis
887 1974 1117 2033 patefacto
1175 1988 1255 2020 ore
1314 1974 1558 2035 depromit.
1639 1973 1780 2020 Betae

181 2039 419 2086 radicibus
458 2042 610 2086 tunsis
649 2047 777 2087 recte
812 2056 954 2088 sucus
985 2045 1085 2089 eius
1116 2043 1308 2090 naribus
1341 2044 1531 2090 ducitur
1562 2044 1617 2090 ad
1649 2058 1777 2090 umo-

101 2122 150 2159 15
182 2125 282 2156 rem
328 2111 492 2170 capitis
538 2110 888 2159 extrahendum.
959 2111 1109 2159 Mellis
1155 2119 1201 2159 et
1251 2115 1423 2175 sinapis
1467 2115 1568 2160 triti
1613 2127 1779 2174 aequa-

154 2179 287 2226 ·liter
336 2181 506 2226 mixtae
558 2186 715 2241 partes
767 2183 994 2242 tepefiunt
1048 2188 1094 2229 et
1147 2198 1280 2229 umor
1326 2183 1499 2230 multus
1557 2197 1581 2229 e
1629 2185 1778 2244 capite

101 2263 150 2300 16
183 2256 289 2311 post
325 2249 509 2310 longam
547 2252 959 2311 gargarizationem
997 2252 1257 2300 deducitur.
1331 2253 1398 2299 Ad
1437 2259 1670 2299 catarrum
1708 2267 1778 2299 re·
1803 2265 1843 2295 30

184 2320 508 2381 stringendum
546 2322 703 2367 mittes
741 2322 789 2366 in
828 2321 963 2367 ollam
1001 2322 1166 2368 rudem
1204 2337 1288 2383 pro
1320 2323 1455 2368 modo
1488 2322 1602 2368 ollae
1634 2322 1779 2368 hemi-

182 2404 288 2435 nam
326 2404 460 2436 rosae
499 2392 649 2436 siccae
689 2396 735 2437 et
771 2397 869 2437 tres
906 2391 1117 2437 heminas
1155 2406 1299 2453 aquae
1337 2392 1513 2438 mulsae
1553 2398 1598 2438 et
1632 2392 1778 2438 hemi-

182 2473 288 2505 nam
328 2474 478 2521 sapae,
515 2460 675 2506 inhibe
713 2475 880 2506 nucem
918 2463 1123 2523 pineam3
1157 2461 1271 2508 haec
1310 2476 1482 2523 coques
1520 2462 1576 2508 ad
1615 2463 1778 2508 tertias

102 2543 150 2582 17
184 2536 230 2574 et
268 2529 477 2590 tepidum
516 2529 839 2590 gargarizabis.
903 2530 1109 2578 Rumicis
1148 2533 1360 2578 acumina
1391 2538 1551 2578 tenera
1590 2532 1778 2592 colliges

184 2600 279 2645 sive
317 2599 424 2645 rubi
463 2604 510 2645 et
547 2599 753 2662 herbam,
793 2614 931 2661 quam
969 2600 1045 2647 alii
1082 2600 1431 2649 burdunculum
1468 2608 1654 2664 vocant,
1701 2601 1778 2648 alii
1801 2613 1842 2644 35

296 2751 350 2788 34
379 2747 678 2802 gargarizabis
710 2748 973 2802 Stephanus:
1003 2749 1255 2804 gargarizas
1290 2749 1539 2792 Coo-narius.
