1898 3016
736 75 1076 124 -31-

112 208 331 250 teruntur
369 208 415 248 et
445 203 629 248 taurino
660 202 827 263 glutini
856 204 1240 249 commiscentur:
1278 211 1433 249 cetera
1461 202 1518 249 ad
1545 203 1699 263 ignem

111 271 347 333 liquidam,
371 271 483 317 dum
506 270 670 333 calent,
695 286 836 333 supra
859 274 1047 332 scriptis
1070 271 1398 318 admiscentur.
1436 270 1562 326 Quae
1579 271 1698 319 bene

112 340 303 389 subacta
339 354 477 387 manu
515 349 830 404 reponuntur3
875 355 982 388 cum
1019 356 1135 403 opus
1172 341 1334 403 fuerit,
1371 341 1555 402 pondus
1590 341 1699 388 inde

111 410 291 457 denarii
313 411 515 457 sumitur
540 418 585 456 et
608 410 806 457 dilutum
830 417 961 458 aceto
985 418 1123 472 atque
1143 425 1248 457 rosa
1266 412 1407 471 capiti
1422 410 1699 474 infunditur,

68 494 88 527 5
112 479 192 527 sed
227 479 390 526 melius
421 479 531 525 facit
559 479 648 526 hoc
679 480 1068 527 medicamentum
1099 479 1288 527 linteolo
1318 480 1563 526 inductum
1592 495 1697 527 raso

110 550 250 611 capiti
287 550 554 610 inpositum.
611 549 679 595 Ad
714 551 878 611 capitis
915 550 1121 596 dolorem
1160 551 1260 597 sine
1291 548 1412 596 febri
1441 549 1559 595 bene
1589 550 1699 596 facit
1728 557 1781 595 27

110 618 166 666 de
204 619 522 680 experimento
560 620 726 678 capitis
764 621 965 682 curatio,
1003 634 1149 681 aquae
1187 621 1385 682 potatio,
1430 618 1524 665 cibi
1559 618 1698 666 absti-

109 689 286 748 nentia,
329 689 506 734 ventris
551 687 743 750 soluti03
787 689 869 735 sed
914 695 1014 736 tum
1058 691 1198 736 etiam
1240 703 1346 735 rosa
1391 694 1529 749 atque
1567 695 1698 735 aceto

109 757 366 805 curandum
404 762 556 818 caput.
614 757 811 804 Prodest
848 759 987 804 etIam
1017 760 1233 820 pituitam
1263 758 1508 805 detrahere
1539 759 1699 819 senapi

47 842 88 872 10
111 832 190 874 aut
246 825 421 888 hysopo
474 840 531 872 ex
581 841 718 887 passo
768 827 982 890 decocto,
1030 830 1143 875 item
1188 827 1360 874 herbae
1405 827 1698 888 peduclariae

109 897 307 958 semine,
352 910 490 957 quam
536 895 700 943 Graeci
745 896 956 958 staphida
1000 899 1158 959 agrian
1203 903 1388 959 vocant,
1433 898 1545 942 trito
1591 911 1698 943 cum

108 967 268 1027 pipere
320 972 366 1012 et
415 965 550 1012 melle
603 965 704 1012 oleo
756 966 959 1014 admixto
1014 973 1093 1014 aut
1135 969 1283 1028 ipsius
1327 965 1501 1012 herbae
1554 966 1697 1026 pedu-

109 1035 245 1082 claris
284 1037 459 1082 semine
497 1049 582 1096 per
620 1050 669 1082 se
711 1035 845 1082 melle
890 1036 1109 1085 admixto.
1188 1037 1497 1082 Permanente
1542 1041 1698 1082 autem
1727 1037 1781 1075 28

109 1104 289 1152 diutino
327 1105 492 1166 capitis
529 1104 688 1151 dolore
725 1113 924 1166 prosunt
962 1108 1005 1152 ei
1041 1105 1310 1153 huiusmodi
1347 1107 1697 1167 perunctiones:

47 1188 87 1220 15
109 1173 230 1220 Ruta
267 1189 374 1221 cum
411 1180 540 1221 aceto
579 1181 625 1221 et
662 1174 762 1221 oleo
801 1175 1035 1237 calefact0‚
1072 1176 1206 1222 iridis
1243 1175 1373 1222 radix
1411 1188 1518 1222 cum
1553 1181 1698 1237 acet0‚

110 1243 263 1290 salicis
309 1243 413 1290 folia
459 1245 567 1290 trita
613 1258 668 1290 ex
714 1259 852 1307 aqua,
897 1245 1155 1306 serpullum
1200 1246 1363 1291 tritum
1409 1251 1456 1291 et
1499 1245 1696 1291 inferve-

110 1313 282 1359 factum
321 1327 425 1359 cum
464 1313 564 1359 oleo
597 1319 643 1360 et
673 1321 824 1376 aceto,
871 1315 1166 1377 milefolium‚
1205 1314 1329 1375 quod
1368 1313 1533 1360 Graeci
1568 1313 1698 1375 poly-

110 1396 262 1443 gonon
299 1382 552 1444 appellant,
598 1397 704 1429 cum
741 1389 847 1430 ruta
884 1386 1046 1431 tritum
1083 1384 1286 1431 admixto
1331 1389 1461 1430 aceto
1505 1388 1552 1429 et
1580 1382 1696 1445 oleo,

110 1466 255 1518 nuces
300 1465 480 1498 amarae
523 1458 746 1513 purgatae
790 1454 926 1499 tritae
972 1468 1078 1500 cum
1123 1460 1254 1500 aceto
1293 1459 1339 1500 et
1375 1452 1501 1514 oleo,
1545 1454 1609 1499 ita
1646 1458 1699 1499 ut

46 1535 87 1566 20
108 1520 223 1567 haec
267 1521 505 1568 interdum
547 1521 674 1568 velut
717 1528 928 1570 cerotum
965 1537 1071 1569 cum
1109 1522 1251 1569 linteo
1290 1522 1433 1568 fronti
1475 1523 1699 1582 inponan-

107 1596 206 1652 tur3
246 1589 460 1637 similiter
495 1591 688 1652 prodest
725 1599 771 1637 et
808 1598 913 1638 ruta
951 1591 1157 1639 silvatica
1193 1594 1303 1639 trita
1342 1606 1448 1638 cum
1486 1598 1617 1638 aceto
1651 1597 1699 1638 et

108 1658 208 1706 oleo
240 1661 372 1720 quasi
403 1666 612 1707 cerotum
651 1662 795 1708 fronti
825 1663 1119 1723 superposita
1155 1667 1234 1708 aut
1271 1663 1377 1722 agni
1415 1660 1507 1707 albi
1537 1675 1697 1707 semen

109 1743 163 1775 ex
215 1743 356 1789 posca
405 1731 567 1776 tritum
620 1736 700 1776 aut
744 1732 946 1778 ocimum
991 1732 1137 1778 viride
1183 1731 1252 1777 vel
1299 1745 1458 1777 semen
1503 1732 1603 1776 eius
1642 1745 1699 1777 ex

108 1812 224 1859 aqua
263 1800 427 1845 tritum
458 1806 503 1845 et
533 1801 789 1859 inpositum
826 1807 905 1847 aut
942 1800 1142 1847 hederae
1180 1801 1308 1847 albae
1340 1800 1444 1846 folia
1478 1805 1698 1861 quattuor

44 1889 85 1922 25
108 1881 215 1914 cum
253 1882 370 1928 aqua
407 1868 555 1914 mulsa
593 1874 672 1915 aut
708 1871 788 1931 git,
826 1871 950 1931 quod
989 1870 1154 1917 Graeci
1194 1870 1480 1916 melanthion
1517 1876 1697 1933 vocant,

109 1937 273 1984 eodem
309 1938 447 1984 modo
486 1938 630 1984 fronti
660 1940 915 2000 inpositum
954 1946 1034 1986 aut
1070 1940 1261 1986 naribus
1298 1941 1521 1985 iniectum
1560 1939 1697 2000 prod-

108 2012 191 2053 est.
277 2007 345 2053 Ad
403 2007 627 2054 torridam
683 2014 730 2054 et
783 2011 1082 2055 constrictam
1142 2015 1295 2056 cutem
1355 2010 1518 2070 capitis
1578 2008 1696 2055 bene
1728 2011 1781 2048 29

107 2075 217 2122 facit
268 2083 531 2123 castoreum
582 2083 628 2123 et
678 2077 934 2124 balsamum
990 2085 1036 2125 et
1090 2079 1410 2140 peucedanum
1460 2080 1698 2125 incoctum

108 2159 317 2192 seorsum
361 2149 408 2192 in
453 2161 559 2192 vaso
605 2161 712 2193 cum
757 2153 887 2194 aceto
926 2154 972 2194 et
1009 2163 1115 2195 cum
1153 2148 1252 2194 oleo
1291 2149 1433 2208 capiti
1468 2148 1691 2195 infusum.

44 2237 84 2268 30
106 2213 302 2262 Faciunt
345 2217 484 2262 etiam
527 2216 794 2263 huiusmodi
835 2217 1171 2264 medicamenta
1209 2218 1348 2278 capiti
1387 2219 1695 2278 superposita,
1725 2229 1778 2267 30

107 2298 224 2345 quae
263 2284 427 2332 Graeci
470 2285 795 2346 cataplasmata
840 2287 1022 2334 dicunt:
1074 2286 1210 2333 Iridis
1255 2286 1426 2332 radicis
1471 2292 1693 2333 contusae

108 2352 147 2399 X
176 2353 234 2399 VI
271 2361 318 2401 et
354 2355 574 2415 pusillum
611 2370 744 2402 rosae
784 2356 1016 2403 silvaticae
1051 2358 1243 2403 seminis
1274 2370 1380 2402 cum
1411 2356 1558 2402 farina
1588 2356 1694 2402 hor-

108 2422 254 2470 diacia
284 2430 415 2470 cocta
445 2431 524 2471 aut
555 2425 744 2471 feniculi
773 2426 954 2472 radices
987 2426 1200 2472 similiter
1232 2430 1390 2471 coctae
1418 2440 1524 2472 cum
1549 2425 1695 2471 farina

107 2491 356 2540 hordiacia.
426 2493 624 2540 Prodest
669 2496 806 2541 etiam
852 2496 907 2541 ad
951 2497 1119 2541 nimios
1166 2495 1349 2541 dolores
1387 2497 1550 2556 capitis
1588 2509 1695 2541 con·
1728 2514 1779 2551 31

47 2580 86 2612 35
110 2563 289 2608 strictio
335 2564 434 2609 eius
478 2577 562 2623 per
607 2564 841 2610 fasciolam
887 2580 979 2611 non
1018 2566 1212 2611 nimium
1250 2564 1407 2626 latam,
1451 2567 1513 2611 ita
1552 2571 1605 2611 ut
1642 2579 1695 2610 ea

223 2659 243 2695 1
277 2655 626 2698 cummiscentur.
710 2662 732 2699 7
765 2658 954 2712 curatio]
987 2657 1158 2698 derasio
1191 2657 1439 2699 Corneto-ius.
1508 2655 1694 2710 putatio.

112 2713 162 2749 12
179 2708 333 2763 pipire.
395 2711 491 2753 oleo
517 2714 562 2753 et
583 2712 735 2754 mixto.
794 2717 846 2754 22
862 2712 1009 2766 hagni.
1070 2718 1120 2755 32
1139 2712 1338 2755 ordiatia.
1399 2717 1453 2754 34
1469 2713 1694 2754 ordeacea.
