1930 3008
749 88 1121 138 —345—

140 222 271 264 aceto
302 217 541 278 adpositus
574 216 686 263 adeo
724 215 928 279 prodest,
967 222 1019 263 ut
1049 216 1264 278 spodium
1295 223 1342 264 et
1371 217 1598 265 utilitates
1629 219 1730 265 eius

139 288 187 333 in
232 286 361 333 hisce
406 285 727 333 curationibus
773 288 937 333 vincat.
1011 285 1092 333 Fel
1144 288 1389 348 caprinum
1442 302 1549 334 cum
1594 287 1730 334 melle
1760 298 1812 335 41

139 359 311 405 veretri
349 355 589 403 doloribus
626 355 956 417 ulceribusque
993 355 1178 403 inlitum
1215 357 1419 418 prodest.
1480 356 1597 404 Caro
1628 372 1730 404 vac·
1761 367 1814 405 42

139 430 241 476 cina
280 441 445 474 recens
479 432 660 472 veretro
692 427 907 487 imposita
937 425 1093 472 ulcera
1125 427 1225 472 eius
1256 432 1303 473 et
1333 426 1581 487 epiphoras
1612 428 1730 474 mire

97 518 114 549 5
138 504 369 559 persanat.
445 495 731 542 Salsamenta
783 502 946 542 exusta
998 497 1292 557 contritaque
1345 503 1392 543 et
1443 510 1550 543 cum
1595 497 1730 543 melle
1761 507 1814 545 43

139 573 322 615 veretro
361 567 560 627 inposita
597 565 843 613 adversum
882 579 1042 612 omnes
1080 565 1265 612 dolores
1304 571 1350 612 et
1380 566 1729 613 formicationes

139 637 421 699 singularem
466 635 718 682 efficaciam
763 642 1015 697 praestant.
1081 635 1315 682 Anethum
1359 637 1536 682 siccum
1574 638 1730 683 uritur
1759 646 1816 684 44

138 709 350 768 cinisque
394 707 495 752 eius
540 706 681 751 tritus
725 711 805 751 aut
842 719 949 751 cum
987 707 1093 752 vino
1131 712 1290 752 vetere
1327 711 1512 752 veretro
1550 707 1730 768 insper-

137 779 263 838 gitur
308 782 387 822 aut
431 789 537 821 cum
582 774 718 820 melle
763 774 985 821 subactus
1031 774 1292 822 adhibetur.
1363 775 1455 822 Lac
1496 777 1731 823 asininum
1760 785 1816 823 45

0 890 2 897 ,
75 864 115 895 10
138 861 244 894 cum
287 845 389 892 lana
434 844 594 890 sucida
637 844 693 890 ad
738 844 1010 890 umbilicum
1048 844 1237 906 habeat,
1283 846 1500 905 quotiens
1539 847 1644 906 quis
1681 847 1730 892 in

137 930 354 963 venerem
390 913 590 960 voluerit
625 915 824 961 incitari.

277 985 457 1031 Erucae
495 985 686 1030 seminis
719 978 780 1050 49-
812 982 888 1046 111,
925 982 1056 1029 bulbi
1089 984 1177 1030 rufi
1211 977 1272 1050 {L
1303 982 1380 1046 111,
1417 983 1574 1031 nuclei
1602 986 1730 1045 pinei
1759 994 1815 1032 46

137 1057 322 1117 purgati
354 1048 414 1120 ᾃα
445 1053 517 1115 VI,
555 1055 710 1114 spicae
741 1053 875 1099 nardi
906 1048 968 1119 ᾃι
999 1052 1076 1116 III,
1114 1058 1239 1099 teres
1270 1053 1451 1114 singula
1482 1053 1730 1115 diligenter

138 1132 184 1172 et
221 1123 526 1186 permiscebis
560 1129 699 1184 atque
729 1123 837 1169 inde
867 1122 1079 1183 globulos
1110 1123 1251 1169 facies
1274 1123 1338 1169 ad
1369 1123 1565 1170 formam
1595 1126 1730 1171 nucis

74 1212 114 1242 15
138 1194 369 1241 avellanae
400 1200 447 1240 et
477 1207 583 1239 cum
615 1207 732 1254 opus
763 1193 905 1239 fuerit
935 1191 1142 1252 singulos
1166 1191 1442 1254 liquefactos
1465 1194 1514 1239 in
1538 1195 1728 1254 caprino

137 1265 254 1311 lacte
292 1262 487 1325 potabis,
526 1264 567 1309 si
603 1263 651 1308 in
688 1276 906 1308 venerem
943 1262 1146 1308 volueris
1188 1263 1393 1309 accendi.

279 1333 518 1380 Satureiae
565 1331 773 1379 Creticae
820 1326 881 1398 „9-
920 1331 959 1392 I,
1005 1346 1187 1392 myrrae
1227 1326 1288 1398 ῼι
1320 1331 1360 1393 I,
1404 1331 1559 1378 nuclei
1603 1333 1731 1393 pinei
1760 1342 1815 1380 47

137 1405 322 1465 purgati
360 1403 664 1465 quartarium,
701 1416 870 1448 erucae
908 1402 1099 1447 seminis
1140 1427 1199 1434 —
1234 1401 1273 1462 Ι,
1312 1401 1467 1448 scillae
1507 1408 1730 1463 purgatae

137 1499 205 1507 —-
234 1473 267 1521 I.
323 1472 488 1519 Omnia
525 1471 639 1518 haec
669 1473 870 1517 contrita
900 1470 1119 1517 miscebis
1150 1477 1197 1517 et
1226 1471 1437 1531 globulos
1469 1472 1525 1518 ad
1557 1474 1730 1533 magni—

77 1559 116 1589 20
140 1544 349 1591 tudinem
396 1541 525 1588 fabae
570 1541 711 1587 facies
758 1548 803 1587 et
848 1540 1055 1602 singulos
1107 1541 1163 1587 ad
1209 1541 1331 1587 diem
1383 1543 1570 1587 ieiunus
1623 1556 1731 1588 cum

139 1615 328 1675 caprino
367 1612 485 1658 lacte
522 1610 718 1672 potabis,
757 1612 797 1657 si
834 1610 1036 1657 volueris
1075 1624 1178 1657 esse
1217 1610 1425 1657 salacior.

277 1681 494 1743 Pyrethri
531 1683 631 1727 triti
667 1680 872 1741 pulveris
911 1680 1182 1727 cocliarium
1218 1680 1409 1741 plenum
1447 1695 1554 1727 cum
1591 1694 1730 1741 passo
1760 1690 1818 1728 48

138 1759 300 1813 potum
339 1753 509 1798 excitat
545 1752 594 1796 in
632 1764 850 1796 venerem
887 1749 1076 1796 inutiles
1115 1764 1279 1796 mares.

279 1821 369 1875 Qui
412 1821 564 1881 potuit
608 1825 655 1866 et
698 1834 791 1865 non
830 1826 1003 1880 potest,
1042 1827 1093 1866 ut
1130 1826 1377 1881 reparetur
1413 1821 1460 1866 in
1498 1834 1730 1882 venerem,
1760 1829 1816 1868 49

77 1905 117 1936 25
140 1891 321 1937 radices
359 1891 624 1936 cucumeris
662 1891 859 1949 agrestis
897 1891 1107 1936 concisas
1145 1891 1409 1936 minutatim
1442 1892 1490 1936 in
1521 1889 1622 1936 oleo
1654 1890 1730 1936 de-

141 1967 310 2021 coquat
347 1965 393 2006 et
430 1961 478 2005 in
518 1958 703 2006 vasculo
740 1960 887 2005 vitreo
925 1965 1134 2005 reservet
1179 1965 1224 2005 et
1269 1973 1376 2005 cum
1419 1973 1536 2020 opus
1574 1959 1730 2022 fuerit,

140 2036 317 2090 unguat
351 2028 438 2075 sibi
470 2030 518 2074 in
549 2028 729 2074 balineo
761 2025 960 2075 interius
991 2035 1037 2075 et
1067 2030 1273 2075 exterius
1305 2043 1441 2075 omne
1479 2035 1731 2089 veretrum,

141 2100 222 2146 sed
255 2113 476 2160 saponem
507 2113 600 2144 non
632 2097 801 2160 abluat,
841 2100 996 2144 statim
1026 2097 1311 2145 incitabitur.
1365 2098 1545 2145 Poterit
1575 2105 1731 2144 autem

141 2168 446 2230 sequentibus
483 2167 670 2229 diebus,
716 2168 756 2213 si
792 2182 984 2214 necesse
1022 2168 1183 2229 fuerit,
1221 2169 1359 2214 etiam
1405 2170 1505 2214 sine
1550 2168 1731 2214 lavacro

77 2253 117 2284 30
139 2245 374 2285 veretrum
407 2237 497 2284 sibi
527 2236 740 2283 similiter
771 2237 933 2283 eodem
964 2237 1269 2283 medicamine
1300 2251 1620 2300 perunguere;
1653 2252 1731 2284 na-

139 2316 244 2355 tura
282 2307 494 2369 genitalis
531 2308 679 2353 maior
710 2313 756 2352 et
787 2306 978 2352 solidior
1008 2306 1254 2368 videbitur,
1293 2309 1332 2353 si
1366 2308 1422 2353 de
1451 2307 1535 2353 lilii
1565 2307 1731 2354 radici-

139 2378 228 2425 bus
272 2379 423 2425 tuusis
469 2377 745 2437 cataplasma
791 2377 834 2421 ei
876 2378 1092 2437 inponas,
1139 2391 1255 2437 quae
1299 2377 1444 2423 nihilo
1489 2378 1644 2423 minus
1687 2383 1733 2422 et

140 2450 300 2494 veneri
336 2446 653 2494 incendendae
692 2447 803 2492 satis
840 2446 969 2492 utilis
1007 2452 1091 2492 est.

282 2517 462 2563 Herbae
487 2516 629 2562 rebus
652 2517 853 2562 veneriis
877 2522 1024 2578 aptae,
1055 2516 1259 2578 rafanus,
1289 2531 1442 2578 eruca,
1467 2531 1733 2579 asparagus,
1763 2525 1818 2563 50

285 2627 309 2664 6
339 2621 670 2675 fumigationes,
707 2623 886 2663 correxi.
1004 2626 1054 2663 12
1093 2637 1120 2665 a
1156 2623 1374 2664 vocabulis
1404 2621 1525 2676 pinei
1554 2623 1734 2677 purgati

144 2679 273 2720 codex
298 2691 450 2720 rursus
473 2679 640 2731 incipit.
713 2680 763 2718 15
793 2677 1071 2730 liquefactus.
1164 2682 1213 2719 17
1245 2677 1418 2720 mirrae.
1503 2678 1624 2732 pinei
1653 2692 1731 2722 om.

143 2739 195 2775 23
227 2746 395 2775 venere.
512 2737 564 2775 28
596 2746 804 2786 saponem
833 2735 1009 2786 scripsi:
1040 2734 1214 2776 sabone.
1330 2738 1383 2775 30
1412 2739 1597 2776 veretro.
