1898 3016
103 430 157 467 42

103 570 157 608 43

105 710 160 747 44

104 780 158 817 45

106 1197 159 1236 46

106 1337 159 1375 47

91 1539 161 1584 '48

109 1965 163 2003 49

109 2105 164 2144 50

109 2245 163 2283 51

803 184 859 190 —-
942 155 1181 206 176—-

186 283 342 344 lingua
379 282 548 329 habeto
588 290 634 329 et
672 282 881 346 salivam,
931 298 1050 345 quae
1096 284 1316 344 creverit,
1360 284 1651 347 transglutti‚
1693 299 1786 345 quo

187 353 308 399 facto
347 367 500 414 neque
539 353 670 399 sities
708 367 861 414 neque
900 367 952 399 os
989 353 1075 399 tibi
1111 355 1360 400 inarescet.

328 422 397 468 Ad
443 421 676 484 singultus
720 422 1000 469 inhibendos
1046 423 1295 485 festucam,
1342 437 1480 484 quam
1528 422 1695 469 bibens
1739 425 1789 469 in

189 491 332 538 calice
364 494 618 554 acceperis,
647 493 864 552 protinus
896 492 1148 553 supercilio
1181 494 1371 539 sinistro
1401 494 1648 556 imponit03
1680 506 1788 539 con-

188 563 321 626 tinuo
359 562 621 608 remedium
651 563 922 623 experieris.
975 561 1029 608 In
1059 576 1226 624 aquam
1257 562 1452 608 calidam
1482 576 1646 609 manus
1677 563 1785 608 mis·
1832 577 1852 609 5

189 645 266 678 sae
305 632 480 693 diuque
517 631 612 678 illic
649 637 860 678 retentae
898 631 1132 693 singultus
1169 631 1435 679 crebriores
1472 631 1685 678 inhibere
1721 631 1788 678 di-

190 707 375 747 cuntur.
436 700 616 747 Anulus
652 702 703 747 in
741 703 930 748 sinistra
967 716 1107 748 manu
1147 703 1197 748 in
1233 701 1385 748 medio
1425 701 1568 763 digito
1606 702 1790 762 positus

189 771 261 817 vel
296 770 472 817 ibidem
507 770 760 818 translatus
798 771 1032 832 singultus
1070 773 1226 818 statim
1268 774 1537 832 compescit.
1598 770 1648 817 Si
1685 772 1790 832 quis

189 839 469 901 singultiens
499 842 620 887 aceti
650 840 854 888 scillitici
884 842 1093 888 cocleare
1125 841 1314 902 plenum
1348 843 1596 904 acceperit,
1635 842 1791 887 statim

190 910 436 971 singultire
482 910 684 974 desinet3
735 911 860 957 idem
903 917 1110 973 praestat
1155 917 1202 957 et
1246 925 1393 972 aquae
1438 912 1551 957 satis
1595 910 1789 971 frigidae
1812 925 1853 956 10

190 980 414 1027 adsiduus
452 987 666 1041 gustatus
699 988 745 1027 et
775 983 815 1026 si
847 983 953 1042 quis
984 983 1202 1043 spiritum
1231 982 1489 1028 introrsum
1523 988 1713 1027 revocet
1743 986 1790 1026 et

190 1049 474 1111 aliquamdiu
506 1052 756 1113 contineat,
789 1051 1005 1097 similiter
1032 1050 1367 1097 remediabitur
1390 1065 1476 1097 nec
1500 1051 1656 1096 minus
1679 1049 1789 1096 huic

190 1121 261 1166 rei
297 1119 491 1180 prodest
529 1126 908 1167 sternumentum
946 1122 994 1166 in
1032 1128 1243 1181 tempore
1282 1122 1549 1167 excitatum.

330 1189 512 1235 Herbae
558 1191 802 1250 trixaginis
847 1196 1072 1237 contusae
1116 1194 1164 1236 in
1208 1190 1360 1250 lignea
1403 1189 1497 1251 pila
1535 1203 1677 1235 sucus
1715 1203 1790 1235 ex-

189 1272 382 1319 pressus
429 1271 535 1305 cum
580 1260 685 1305 vino
733 1259 881 1305 calido
926 1261 1059 1321 potui
1103 1260 1239 1306 datus
1284 1267 1448 1321 ruptos
1493 1261 1590 1306 sive
1634 1258 1791 1305 vulsos
1815 1273 1855 1304 15

192 1334 240 1374 et
290 1330 573 1375 reumaticos
627 1329 882 1376 efficaciter
936 1336 1080 1377 sanat.
1153 1330 1498 1391 Asparagorum
1549 1328 1680 1374 radix
1735 1328 1792 1374 ad

189 1398 374 1459 pondus
421 1398 722 1445 denariorum
767 1399 967 1446 duorum
1013 1407 1059 1446 et
1095 1399 1330 1446 brassicae
1373 1399 1481 1446 folia
1517 1398 1791 1445 tantundem

190 1482 440 1515 mensurae
486 1470 686 1515 contrita
731 1475 870 1530 atque
916 1484 973 1515 ex
1009 1471 1116 1516 vino
1154 1471 1288 1530 nigro
1326 1469 1399 1516 vel
1436 1476 1623 1515 austero
1661 1469 1793 1530 potui

193 1537 297 1584 data
337 1537 480 1584 vulsis
518 1545 564 1584 et
601 1541 872 1586 reumaticis
910 1540 1107 1586 mirifice
1137 1546 1350 1600 prosunt.
1403 1538 1455 1584 In
1485 1538 1592 1600 pila,
1622 1540 1671 1584 in
1703 1551 1792 1598 qua

191 1608 481 1655 frumentum
518 1608 753 1670 tunditur,
800 1608 1280 1670 quantulumcumque
1327 1608 1535 1655 sordium
1574 1615 1655 1654 aut
1690 1606 1790 1668 pul·
1815 1622 1855 1653 20

189 1680 314 1724 veris
358 1679 595 1724 inveneris
640 1678 806 1738 collige
849 1680 1056 1739 itemque
1100 1681 1150 1725 in
1195 1693 1249 1725 eo
1293 1679 1394 1724 loco
1441 1678 1513 1723 vel
1549 1677 1790 1738 foramine,

190 1749 240 1793 in
272 1761 363 1808 quo
395 1749 561 1794 ianuae
592 1748 771 1808 pessuli
802 1749 1108 1811 descendunt,
1140 1748 1370 1810 quidquid
1399 1748 1668 1809 reppereris
1700 1746 1791 1793 col-

190 1816 281 1878 lige
326 1823 372 1864 et
416 1819 466 1864 in
509 1832 656 1864 unum
701 1820 932 1878 permisce
978 1825 1025 1865 et
1069 1820 1209 1865 tacite
1253 1818 1326 1864 vel
1371 1817 1554 1879 occulto
1598 1816 1701 1862 loco
1743 1817 1792 1862 in

191 1888 431 1948 potionem
477 1894 557 1934 aut
601 1887 759 1934 cibum
802 1888 923 1934 vulsi
966 1888 1220 1935 laborantis
1272 1890 1516 1950 insperge3
1570 1888 1791 1933 continuo

193 1957 367 2004 malum
405 1957 632 2018 dolorque
671 1957 923 2004 sedabitur.
981 1958 1224 2020 Serpentis
1259 1964 1491 2017 senectus,
1529 1956 1576 2002 id
1614 1963 1686 2002 est
1715 1970 1791 2002 ex·
1814 1969 1855 2000 25

193 2028 349 2089 uviae,
394 2027 501 2073 licio
549 2026 760 2088 alligatae
805 2033 852 2074 et
889 2027 1020 2074 vulso
1059 2027 1373 2075 circumdatae
1417 2029 1534 2073 mire
1579 2032 1792 2086 prosunt.

195 2096 388 2143 Stercus
420 2098 569 2143 verris
598 2099 750 2158 primo
782 2111 889 2144 vere
914 2097 1161 2144 collectum
1186 2097 1534 2157 arefactumque
1559 2102 1606 2141 et
1628 2097 1793 2141 tritum

192 2168 240 2212 in
277 2168 467 2228 potione
506 2166 665 2214 datum
703 2168 1024 2214 efficacissime
1062 2168 1220 2215 vulsos
1259 2174 1305 2213 et
1334 2167 1615 2212 reumaticos
1647 2172 1789 2210 sanat.

335 2236 406 2282 Ad
445 2250 546 2299 eos,
586 2239 666 2298 qui
704 2239 979 2298 sanguinem
1015 2253 1101 2299 per
1138 2252 1190 2284 os
1231 2238 1487 2299 proiciunt,
1532 2233 1792 2280 remedium

194 2306 305 2353 tale:
358 2306 526 2353 Testae
574 2308 708 2353 nucis
752 2309 943 2354 maioris
989 2307 1242 2354 conbustae
1287 2306 1535 2366 diligenter
1580 2310 1792 2350 terantur
1814 2319 1855 2350 30

194 2382 241 2422 et
278 2390 386 2422 cum
424 2382 555 2422 aceto
595 2377 785 2438 dentur3
824 2377 904 2423 sed
938 2379 978 2423 si
1007 2377 1255 2438 febricitat,
1290 2377 1367 2422 cui
1396 2373 1678 2421 medendum
1707 2382 1791 2435 est,

194 2460 302 2492 cum
346 2460 487 2507 posca
533 2448 727 2507 accipiat
773 2462 858 2508 pro
904 2447 1062 2509 modo,
1110 2453 1160 2493 ut
1197 2460 1362 2492 causae
1402 2450 1511 2490 sunt
1549 2450 1628 2490 aut
1666 2451 1791 2490 aetas

194 2517 335 2562 unius
375 2518 605 2577 cuiusque
642 2518 841 2579 patitur,
887 2517 933 2563 id
972 2524 1043 2563 est
1079 2523 1132 2562 ut
1168 2517 1307 2562 unius
1345 2517 1480 2561 nucis
1524 2521 1670 2560 testae
1712 2519 1792 2559 aut

195 2585 392 2631 duarum
432 2585 501 2631 vel
541 2588 679 2632 etiam
716 2589 858 2632 trium
898 2587 1081 2632 dentur.

335 2696 358 2731 2
390 2691 608 2734 inarescit.
749 2698 774 2734 3
805 2693 1020 2733 fistucam.
1152 2697 1176 2733 6
1211 2691 1429 2745 singultis.
1568 2695 1591 2732 9
1624 2689 1791 2731 scilliti.

196 2747 505 2844 14ttriagonis.
629 2752 683 2790 20
714 2749 1173 2801 quantolumcumque.
1304 2751 1357 2788 23
1391 2747 1562 2790 occulte
1591 2747 1690 2788 loca.
1719 2746 1794 2787 vel

194 2815 251 2856 po
276 2815 433 2845 ionem.
1126 2825 1131 2830 ·
