<?xml version="1.0" encoding="UTF-8"?>
<!DOCTYPE html PUBLIC "-//W3C//DTD XHTML 1.0 Transitional//EN"
    "http://www.w3.org/TR/xhtml1/DTD/xhtml1-transitional.dtd">
<html xmlns="http://www.w3.org/1999/xhtml" xml:lang="en" lang="en">
 <head>
  <title>
</title>
<meta http-equiv="Content-Type" content="text/html;charset=utf-8" />
  <meta name='ocr-system' content='tesseract 3.04.00' />
  <meta name='ocr-capabilities' content='ocr_page ocr_carea ocr_par ocr_line ocrx_word'/>
</head>
<body>
  <div class='ocr_page' id='page_1' title='image "./demedicamentisli00marcuoft_0184.png"; bbox 0 0 1898 3016; ppageno 0'>
   <div class='ocr_carea' id='block_1_1' title="bbox 111 258 163 294">
    <p class='ocr_par' dir='ltr' id='par_1_1' title="bbox 111 258 163 294">
     <span class='ocr_line' id='line_1_1' title="bbox 111 258 163 294; baseline 0 0"><span class='ocrx_word' id='word_1_1' title='bbox 111 258 163 294; x_wconf 89' lang='lat'><strong>14</strong></span> 
     </span>
    </p>
   </div>
   <div class='ocr_carea' id='block_1_2' title="bbox 110 676 161 713">
    <p class='ocr_par' dir='ltr' id='par_1_2' title="bbox 110 676 161 713">
     <span class='ocr_line' id='line_1_2' title="bbox 110 676 161 713; baseline 0.02 -1"><span class='ocrx_word' id='word_1_2' title='bbox 110 676 161 713; x_wconf 86' lang='lat'><strong>15</strong></span> 
     </span>
    </p>
   </div>
   <div class='ocr_carea' id='block_1_3' title="bbox 107 1163 158 1201">
    <p class='ocr_par' dir='ltr' id='par_1_3' title="bbox 107 1163 158 1201">
     <span class='ocr_line' id='line_1_3' title="bbox 107 1163 158 1201; baseline 0.02 -1"><span class='ocrx_word' id='word_1_3' title='bbox 107 1163 158 1201; x_wconf 91' lang='grc'><strong>16</strong></span> 
     </span>
    </p>
   </div>
   <div class='ocr_carea' id='block_1_4' title="bbox 109 1304 157 1341">
    <p class='ocr_par' dir='ltr' id='par_1_4' title="bbox 109 1304 157 1341">
     <span class='ocr_line' id='line_1_4' title="bbox 109 1304 157 1341; baseline 0.021 -1"><span class='ocrx_word' id='word_1_4' title='bbox 109 1304 157 1341; x_wconf 83' lang='lat'><strong>17</strong></span> 
     </span>
    </p>
   </div>
   <div class='ocr_carea' id='block_1_5' title="bbox 109 1722 158 1758">
    <p class='ocr_par' dir='ltr' id='par_1_5' title="bbox 109 1722 158 1758">
     <span class='ocr_line' id='line_1_5' title="bbox 109 1722 158 1758; baseline 0 0"><span class='ocrx_word' id='word_1_5' title='bbox 109 1722 158 1758; x_wconf 89' lang='grc'><strong>18</strong></span> 
     </span>
    </p>
   </div>
   <div class='ocr_carea' id='block_1_6' title="bbox 109 2003 157 2040">
    <p class='ocr_par' dir='ltr' id='par_1_6' title="bbox 109 2003 157 2040">
     <span class='ocr_line' id='line_1_6' title="bbox 109 2003 157 2040; baseline 0.021 -1"><span class='ocrx_word' id='word_1_6' title='bbox 109 2003 157 2040; x_wconf 86' lang='grc'><strong>19</strong></span> 
     </span>
    </p>
   </div>
   <div class='ocr_carea' id='block_1_7' title="bbox 106 2140 160 2176">
    <p class='ocr_par' dir='ltr' id='par_1_7' title="bbox 106 2140 160 2176">
     <span class='ocr_line' id='line_1_7' title="bbox 106 2140 160 2176; baseline 0 0"><span class='ocrx_word' id='word_1_7' title='bbox 106 2140 160 2176; x_wconf 82' lang='lat'><strong>20</strong></span> 
     </span>
    </p>
   </div>
   <div class='ocr_carea' id='block_1_8' title="bbox 107 2418 157 2455">
    <p class='ocr_par' dir='ltr' id='par_1_8' title="bbox 107 2418 157 2455">
     <span class='ocr_line' id='line_1_8' title="bbox 107 2418 157 2455; baseline 0 0"><span class='ocrx_word' id='word_1_8' title='bbox 107 2418 157 2455; x_wconf 77' lang='lat'><strong>21</strong></span> 
     </span>
    </p>
   </div>
   <div class='ocr_carea' id='block_1_9' title="bbox 804 85 1183 170">
    <p class='ocr_par' dir='ltr' id='par_1_9' title="bbox 804 85 1183 170">
     <span class='ocr_line' id='line_1_9' title="bbox 804 85 1183 170; baseline -0.003 0"><span class='ocrx_word' id='word_1_9' title='bbox 804 148 869 154; x_wconf 81' lang='lat'>—</span> <span class='ocrx_word' id='word_1_10' title='bbox 946 119 1046 170; x_wconf 78' lang='lat'><strong>172</strong></span> <span class='ocrx_word' id='word_1_11' title='bbox 1120 85 1183 154; x_wconf 65' lang='grc' dir='ltr'><strong>-ὲ</strong></span> 
     </span>
    </p>
   </div>
   <div class='ocr_carea' id='block_1_10' title="bbox 189 247 1855 2541">
    <p class='ocr_par' dir='ltr' id='par_1_10' title="bbox 189 247 1855 1145">
     <span class='ocr_line' id='line_1_10' title="bbox 336 247 1792 311; baseline 0.001 -18"><span class='ocrx_word' id='word_1_12' title='bbox 336 247 624 294; x_wconf 85' lang='lat' dir='ltr'><strong>Centaureae</strong></span> <span class='ocrx_word' id='word_1_13' title='bbox 662 249 817 294; x_wconf 90' lang='lat' dir='ltr'><strong>tenuis</strong></span> <span class='ocrx_word' id='word_1_14' title='bbox 856 262 1019 311; x_wconf 89' lang='lat' dir='ltr'><strong>sucus,</strong></span> <span class='ocrx_word' id='word_1_15' title='bbox 1064 254 1290 308; x_wconf 88' lang='lat' dir='ltr'><strong>quantum</strong></span> <span class='ocrx_word' id='word_1_16' title='bbox 1334 262 1430 294; x_wconf 89' lang='lat' dir='ltr'><strong>nux</strong></span> <span class='ocrx_word' id='word_1_17' title='bbox 1474 247 1677 294; x_wconf 90' lang='lat' dir='ltr'><strong>avellana</strong></span> <span class='ocrx_word' id='word_1_18' title='bbox 1722 263 1792 295; x_wconf 89' lang='lat' dir='ltr'><strong>re-</strong></span> 
     </span>
     <span class='ocr_line' id='line_1_11' title="bbox 194 315 1793 381; baseline 0.001 -18"><span class='ocrx_word' id='word_1_19' title='bbox 194 318 328 379; x_wconf 81' lang='lat' dir='ltr'><strong>cipit,</strong></span> <span class='ocrx_word' id='word_1_20' title='bbox 374 332 479 363; x_wconf 90' lang='lat' dir='ltr'><strong>cum</strong></span> <span class='ocrx_word' id='word_1_21' title='bbox 527 331 644 378; x_wconf 90' lang='lat' dir='ltr'><strong>aqua</strong></span> <span class='ocrx_word' id='word_1_22' title='bbox 688 316 838 364; x_wconf 90' lang='lat' dir='ltr'><strong>mulsa</strong></span> <span class='ocrx_word' id='word_1_23' title='bbox 883 316 1018 363; x_wconf 87' lang='lat' dir='ltr'><strong>datus</strong></span> <span class='ocrx_word' id='word_1_24' title='bbox 1064 316 1136 363; x_wconf 91' lang='lat' dir='ltr'><strong>vel</strong></span> <span class='ocrx_word' id='word_1_25' title='bbox 1179 315 1400 364; x_wconf 88' lang='lat' dir='ltr'><strong>ianthidis</strong></span> <span class='ocrx_word' id='word_1_26' title='bbox 1437 317 1629 381; x_wconf 79' lang='lat' dir='ltr'><strong>herbae,</strong></span> <span class='ocrx_word' id='word_1_27' title='bbox 1674 332 1793 378; x_wconf 88' lang='lat' dir='ltr'><strong>quae</strong></span> 
     </span>
     <span class='ocr_line' id='line_1_12' title="bbox 194 386 1792 448; baseline 0.001 -15"><span class='ocrx_word' id='word_1_28' title='bbox 194 386 365 433; x_wconf 86' lang='lat' dir='ltr'><strong>umidis</strong></span> <span class='ocrx_word' id='word_1_29' title='bbox 403 387 519 433; x_wconf 93' lang='lat' dir='ltr'><strong>locis</strong></span> <span class='ocrx_word' id='word_1_30' title='bbox 557 388 780 448; x_wconf 84' lang='lat' dir='ltr'><strong>nascitur,</strong></span> <span class='ocrx_word' id='word_1_31' title='bbox 819 387 960 432; x_wconf 90' lang='lat' dir='ltr'><strong>unius</strong></span> <span class='ocrx_word' id='word_1_32' title='bbox 994 387 1178 433; x_wconf 81' lang='lat' dir='ltr'><strong>fruticis</strong></span> <span class='ocrx_word' id='word_1_33' title='bbox 1211 386 1318 432; x_wconf 80' lang='lat' dir='ltr'><strong>solia</strong></span> <span class='ocrx_word' id='word_1_34' title='bbox 1347 388 1458 433; x_wconf 88' lang='lat' dir='ltr'><strong>trita</strong></span> <span class='ocrx_word' id='word_1_35' title='bbox 1489 402 1594 434; x_wconf 91' lang='lat' dir='ltr'><strong>cum</strong></span> <span class='ocrx_word' id='word_1_36' title='bbox 1627 387 1792 448; x_wconf 83' lang='lat' dir='ltr'>cyatho</span> 
     </span>
     <span class='ocr_line' id='line_1_13' title="bbox 193 456 1793 519; baseline 0.001 -17"><span class='ocrx_word' id='word_1_37' title='bbox 193 470 340 517; x_wconf 88' lang='lat' dir='ltr'><strong>aquae</strong></span> <span class='ocrx_word' id='word_1_38' title='bbox 379 456 482 503; x_wconf 88' lang='lat' dir='ltr'><strong>data</strong></span> <span class='ocrx_word' id='word_1_39' title='bbox 521 458 795 517; x_wconf 84' lang='lat' dir='ltr'><strong>suspiriosis</strong></span> <span class='ocrx_word' id='word_1_40' title='bbox 831 456 1086 517; x_wconf 87' lang='lat' dir='ltr'><strong>plurimum</strong></span> <span class='ocrx_word' id='word_1_41' title='bbox 1117 462 1336 519; x_wconf 82' lang='lat' dir='ltr'><strong>prosunt3</strong></span> <span class='ocrx_word' id='word_1_42' title='bbox 1371 457 1476 502; x_wconf 92' lang='lat' dir='ltr'><strong>vino</strong></span> <span class='ocrx_word' id='word_1_43' title='bbox 1507 458 1578 503; x_wconf 92' lang='lat' dir='ltr'><strong>uti</strong></span> <span class='ocrx_word' id='word_1_44' title='bbox 1608 463 1793 518; x_wconf 83' lang='lat' dir='ltr'><strong>oportet</strong></span> 
     </span>
     <span class='ocr_line' id='line_1_14' title="bbox 194 525 1838 588; baseline -0.001 -16"><span class='ocrx_word' id='word_1_45' title='bbox 194 527 492 588; x_wconf 88' lang='lat' dir='ltr'><strong>suspiriosos,</strong></span> <span class='ocrx_word' id='word_1_46' title='bbox 523 527 571 572; x_wconf 91' lang='lat' dir='ltr'><strong>in</strong></span> <span class='ocrx_word' id='word_1_47' title='bbox 603 541 695 587; x_wconf 91' lang='lat' dir='ltr'><strong>quo</strong></span> <span class='ocrx_word' id='word_1_48' title='bbox 728 531 1019 588; x_wconf 79' lang='lat' dir='ltr'><strong>centaureae,</strong></span> <span class='ocrx_word' id='word_1_49' title='bbox 1051 525 1269 588; x_wconf 81' lang='lat' dir='ltr'><strong>absinthi,</strong></span> <span class='ocrx_word' id='word_1_50' title='bbox 1307 527 1486 587; x_wconf 89' lang='lat' dir='ltr'><strong>origani</strong></span> <span class='ocrx_word' id='word_1_51' title='bbox 1523 533 1570 573; x_wconf 89' lang='lat' dir='ltr'><strong>et</strong></span> <span class='ocrx_word' id='word_1_52' title='bbox 1598 529 1794 587; x_wconf 89' lang='lat' dir='ltr'><strong>tragori-</strong></span> <span class='ocrx_word' id='word_1_53' title='bbox 1816 539 1838 571; x_wconf 81' lang='lat'>5</span> 
     </span>
     <span class='ocr_line' id='line_1_15' title="bbox 193 595 1793 657; baseline 0.001 -16"><span class='ocrx_word' id='word_1_54' title='bbox 193 597 299 656; x_wconf 87' lang='lat' dir='ltr'><strong>gani</strong></span> <span class='ocrx_word' id='word_1_55' title='bbox 336 601 382 642; x_wconf 87' lang='lat' dir='ltr'><strong>et</strong></span> <span class='ocrx_word' id='word_1_56' title='bbox 417 596 583 656; x_wconf 81' lang='lat' dir='ltr'><strong>hysopi</strong></span> <span class='ocrx_word' id='word_1_57' title='bbox 632 602 679 641; x_wconf 91' lang='lat' dir='ltr'><strong>et</strong></span> <span class='ocrx_word' id='word_1_58' title='bbox 716 595 865 656; x_wconf 83' lang='lat' dir='ltr'><strong>thymi</strong></span> <span class='ocrx_word' id='word_1_59' title='bbox 909 602 955 642; x_wconf 92' lang='lat' dir='ltr'><strong>et</strong></span> <span class='ocrx_word' id='word_1_60' title='bbox 991 595 1117 657; x_wconf 91' lang='lat' dir='ltr'><strong>pulei</strong></span> <span class='ocrx_word' id='word_1_61' title='bbox 1155 601 1200 642; x_wconf 92' lang='lat' dir='ltr'><strong>et</strong></span> <span class='ocrx_word' id='word_1_62' title='bbox 1237 602 1370 642; x_wconf 89' lang='lat' dir='ltr'><strong>rutae</strong></span> <span class='ocrx_word' id='word_1_63' title='bbox 1409 595 1620 643; x_wconf 86' lang='lat' dir='ltr'><strong>fasciculi</strong></span> <span class='ocrx_word' id='word_1_64' title='bbox 1654 598 1793 643; x_wconf 91' lang='lat' dir='ltr'><strong>tertia</strong></span> 
     </span>
     <span class='ocr_line' id='line_1_16' title="bbox 195 665 1794 727; baseline 0.001 -16"><span class='ocrx_word' id='word_1_65' title='bbox 195 665 403 712; x_wconf 87' lang='lat' dir='ltr'><strong>detracta</strong></span> <span class='ocrx_word' id='word_1_66' title='bbox 442 666 619 712; x_wconf 87' lang='lat' dir='ltr'><strong>fuerint</strong></span> <span class='ocrx_word' id='word_1_67' title='bbox 656 665 852 712; x_wconf 87' lang='lat' dir='ltr'><strong>decocti.</strong></span> <span class='ocrx_word' id='word_1_68' title='bbox 920 665 1140 727; x_wconf 86' lang='lat' dir='ltr'><strong>Cupressi</strong></span> <span class='ocrx_word' id='word_1_69' title='bbox 1178 665 1348 726; x_wconf 90' lang='lat' dir='ltr'><strong>pilulae</strong></span> <span class='ocrx_word' id='word_1_70' title='bbox 1387 667 1523 712; x_wconf 84' lang='lat' dir='ltr'><strong>tritae</strong></span> <span class='ocrx_word' id='word_1_71' title='bbox 1561 671 1697 727; x_wconf 91' lang='lat' dir='ltr'><strong>potae</strong></span> <span class='ocrx_word' id='word_1_72' title='bbox 1737 681 1794 712; x_wconf 84' lang='lat' dir='ltr'><strong>ex</strong></span> 
     </span>
     <span class='ocr_line' id='line_1_17' title="bbox 192 734 1791 797; baseline 0.001 -17"><span class='ocrx_word' id='word_1_73' title='bbox 192 736 298 781; x_wconf 88' lang='lat' dir='ltr'><strong>vino</strong></span> <span class='ocrx_word' id='word_1_74' title='bbox 345 735 523 782; x_wconf 87' lang='lat' dir='ltr'><strong>faciunt</strong></span> <span class='ocrx_word' id='word_1_75' title='bbox 568 734 689 781; x_wconf 88' lang='lat' dir='ltr'><strong>hene</strong></span> <span class='ocrx_word' id='word_1_76' title='bbox 735 749 828 781; x_wconf 91' lang='lat' dir='ltr'><strong>non</strong></span> <span class='ocrx_word' id='word_1_77' title='bbox 874 734 1023 781; x_wconf 90' lang='lat' dir='ltr'><strong>solum</strong></span> <span class='ocrx_word' id='word_1_78' title='bbox 1073 735 1128 781; x_wconf 93' lang='lat' dir='ltr'><strong>ad</strong></span> <span class='ocrx_word' id='word_1_79' title='bbox 1179 737 1459 797; x_wconf 88' lang='lat' dir='ltr'><strong>suspirium,</strong></span> <span class='ocrx_word' id='word_1_80' title='bbox 1511 736 1593 782; x_wconf 89' lang='lat' dir='ltr'><strong>sed</strong></span> <span class='ocrx_word' id='word_1_81' title='bbox 1646 741 1693 782; x_wconf 87' lang='lat' dir='ltr'><strong>et</strong></span> <span class='ocrx_word' id='word_1_82' title='bbox 1736 736 1791 783; x_wconf 89' lang='lat' dir='ltr'><strong>ad</strong></span> 
     </span>
     <span class='ocr_line' id='line_1_18' title="bbox 190 804 1794 869; baseline 0.001 -19"><span class='ocrx_word' id='word_1_83' title='bbox 190 806 414 851; x_wconf 91' lang='lat' dir='ltr'><strong>iocineris</strong></span> <span class='ocrx_word' id='word_1_84' title='bbox 452 811 499 851; x_wconf 89' lang='lat' dir='ltr'><strong>et</strong></span> <span class='ocrx_word' id='word_1_85' title='bbox 535 806 740 865; x_wconf 86' lang='lat' dir='ltr'><strong>pectoris</strong></span> <span class='ocrx_word' id='word_1_86' title='bbox 778 810 825 850; x_wconf 89' lang='lat' dir='ltr'><strong>et</strong></span> <span class='ocrx_word' id='word_1_87' title='bbox 857 804 1018 851; x_wconf 90' lang='lat' dir='ltr'><strong>vulvae</strong></span> <span class='ocrx_word' id='word_1_88' title='bbox 1050 804 1273 867; x_wconf 89' lang='lat' dir='ltr'><strong>dolorem,</strong></span> <span class='ocrx_word' id='word_1_89' title='bbox 1312 807 1352 851; x_wconf 92' lang='lat' dir='ltr'><strong>si</strong></span> <span class='ocrx_word' id='word_1_90' title='bbox 1382 805 1567 852; x_wconf 86' lang='lat' dir='ltr'><strong>seminis</strong></span> <span class='ocrx_word' id='word_1_91' title='bbox 1602 805 1794 869; x_wconf 79' lang='lat' dir='ltr'><strong>dentur3</strong></span> 
     </span>
     <span class='ocr_line' id='line_1_19' title="bbox 191 874 1855 936; baseline -0.001 -16"><span class='ocrx_word' id='word_1_92' title='bbox 191 874 298 920; x_wconf 90' lang='lat' dir='ltr'><strong>folia</strong></span> <span class='ocrx_word' id='word_1_93' title='bbox 337 880 492 921; x_wconf 86' lang='lat' dir='ltr'><strong>autem</strong></span> <span class='ocrx_word' id='word_1_94' title='bbox 533 874 743 921; x_wconf 89' lang='lat' dir='ltr'><strong>eiusdem</strong></span> <span class='ocrx_word' id='word_1_95' title='bbox 781 889 886 920; x_wconf 90' lang='lat' dir='ltr'><strong>cum</strong></span> <span class='ocrx_word' id='word_1_96' title='bbox 926 880 1031 920; x_wconf 92' lang='lat' dir='ltr'><strong>ruta</strong></span> <span class='ocrx_word' id='word_1_97' title='bbox 1068 876 1178 921; x_wconf 87' lang='lat' dir='ltr'><strong>trita</strong></span> <span class='ocrx_word' id='word_1_98' title='bbox 1225 882 1271 921; x_wconf 92' lang='lat' dir='ltr'><strong>et</strong></span> <span class='ocrx_word' id='word_1_99' title='bbox 1314 882 1422 936; x_wconf 92' lang='lat' dir='ltr'><strong>pota</strong></span> <span class='ocrx_word' id='word_1_100' title='bbox 1460 876 1666 936; x_wconf 88' lang='lat' dir='ltr'><strong>pectoris</strong></span> <span class='ocrx_word' id='word_1_101' title='bbox 1703 875 1788 921; x_wconf 87' lang='lat' dir='ltr'><strong>tol·</strong></span> <span class='ocrx_word' id='word_1_102' title='bbox 1814 889 1855 919; x_wconf 86' lang='lat'><strong>10</strong></span> 
     </span>
     <span class='ocr_line' id='line_1_20' title="bbox 189 943 1791 1006; baseline 0.001 -16"><span class='ocrx_word' id='word_1_103' title='bbox 189 944 294 990; x_wconf 89' lang='lat' dir='ltr'><strong>lunt</strong></span> <span class='ocrx_word' id='word_1_104' title='bbox 338 944 566 1006; x_wconf 90' lang='lat' dir='ltr'><strong>dolorem,</strong></span> <span class='ocrx_word' id='word_1_105' title='bbox 613 943 829 990; x_wconf 88' lang='lat' dir='ltr'><strong>similiter</strong></span> <span class='ocrx_word' id='word_1_106' title='bbox 873 951 1034 990; x_wconf 87' lang='lat' dir='ltr'><strong>cortex</strong></span> <span class='ocrx_word' id='word_1_107' title='bbox 1081 950 1128 991; x_wconf 94' lang='lat' dir='ltr'><strong>et</strong></span> <span class='ocrx_word' id='word_1_108' title='bbox 1172 945 1304 990; x_wconf 84' lang='lat' dir='ltr'><strong>radix</strong></span> <span class='ocrx_word' id='word_1_109' title='bbox 1349 946 1563 1006; x_wconf 87' lang='lat' dir='ltr'><strong>cupressi</strong></span> <span class='ocrx_word' id='word_1_110' title='bbox 1601 944 1791 992; x_wconf 90' lang='lat' dir='ltr'><strong>decocta</strong></span> 
     </span>
     <span class='ocr_line' id='line_1_21' title="bbox 190 1013 1792 1078; baseline 0.001 -19"><span class='ocrx_word' id='word_1_111' title='bbox 190 1014 247 1060; x_wconf 89' lang='lat' dir='ltr'><strong>ad</strong></span> <span class='ocrx_word' id='word_1_112' title='bbox 287 1014 447 1061; x_wconf 88' lang='lat' dir='ltr'><strong>eadem</strong></span> <span class='ocrx_word' id='word_1_113' title='bbox 485 1021 706 1076; x_wconf 86' lang='lat' dir='ltr'><strong>prosunt,</strong></span> <span class='ocrx_word' id='word_1_114' title='bbox 745 1013 824 1059; x_wconf 90' lang='lat' dir='ltr'><strong>sed</strong></span> <span class='ocrx_word' id='word_1_115' title='bbox 866 1014 1043 1060; x_wconf 90' lang='lat' dir='ltr'><strong>faciunt</strong></span> <span class='ocrx_word' id='word_1_116' title='bbox 1080 1020 1127 1060; x_wconf 89' lang='lat' dir='ltr'><strong>et</strong></span> <span class='ocrx_word' id='word_1_117' title='bbox 1163 1014 1218 1060; x_wconf 88' lang='lat' dir='ltr'><strong>ad</strong></span> <span class='ocrx_word' id='word_1_118' title='bbox 1257 1013 1530 1075; x_wconf 90' lang='lat' dir='ltr'><strong>falangionis</strong></span> <span class='ocrx_word' id='word_1_119' title='bbox 1568 1028 1792 1078; x_wconf 89' lang='lat' dir='ltr'><strong>morsum,</strong></span> 
     </span>
     <span class='ocr_line' id='line_1_22' title="bbox 191 1083 1623 1145; baseline 0 -15"><span class='ocrx_word' id='word_1_120' title='bbox 191 1085 230 1130; x_wconf 93' lang='lat' dir='ltr'><strong>si</strong></span> <span class='ocrx_word' id='word_1_121' title='bbox 269 1085 563 1131; x_wconf 92' lang='lat' dir='ltr'><strong>extrinsecus</strong></span> <span class='ocrx_word' id='word_1_122' title='bbox 600 1085 886 1144; x_wconf 86' lang='lat' dir='ltr'><strong>inponantur</strong></span> <span class='ocrx_word' id='word_1_123' title='bbox 923 1083 1163 1144; x_wconf 85' lang='lat' dir='ltr'><strong>emplastri</strong></span> <span class='ocrx_word' id='word_1_124' title='bbox 1200 1097 1330 1130; x_wconf 92' lang='lat' dir='ltr'><strong>more</strong></span> <span class='ocrx_word' id='word_1_125' title='bbox 1370 1085 1623 1145; x_wconf 89' lang='lat' dir='ltr'><strong>conposita.</strong></span> 
     </span>
    </p>

    <p class='ocr_par' dir='ltr' id='par_1_11' title="bbox 189 1152 1855 2400">
     <span class='ocr_line' id='line_1_23' title="bbox 331 1152 1791 1214; baseline 0 -14"><span class='ocrx_word' id='word_1_126' title='bbox 331 1153 528 1200; x_wconf 88' lang='lat' dir='ltr'><strong>Acetum</strong></span> <span class='ocrx_word' id='word_1_127' title='bbox 568 1168 625 1199; x_wconf 86' lang='lat' dir='ltr'><strong>ex</strong></span> <span class='ocrx_word' id='word_1_128' title='bbox 662 1152 819 1199; x_wconf 88' lang='lat' dir='ltr'><strong>scillae</strong></span> <span class='ocrx_word' id='word_1_129' title='bbox 857 1152 999 1199; x_wconf 90' lang='lat' dir='ltr'><strong>bulbo</strong></span> <span class='ocrx_word' id='word_1_130' title='bbox 1038 1153 1211 1199; x_wconf 84' lang='lat' dir='ltr'><strong>factum</strong></span> <span class='ocrx_word' id='word_1_131' title='bbox 1253 1154 1447 1200; x_wconf 86' lang='lat' dir='ltr'><strong>mirifice</strong></span> <span class='ocrx_word' id='word_1_132' title='bbox 1485 1153 1678 1214; x_wconf 89' lang='lat' dir='ltr'><strong>prodest</strong></span> <span class='ocrx_word' id='word_1_133' title='bbox 1716 1168 1791 1200; x_wconf 93' lang='lat' dir='ltr'><strong>su·</strong></span> 
     </span>
     <span class='ocr_line' id='line_1_24' title="bbox 190 1222 1853 1286; baseline 0 -17"><span class='ocrx_word' id='word_1_134' title='bbox 190 1224 424 1286; x_wconf 83' lang='lat' dir='ltr'><strong>spiriosis3</strong></span> <span class='ocrx_word' id='word_1_135' title='bbox 477 1222 693 1269; x_wconf 89' lang='lat' dir='ltr'><strong>similiter</strong></span> <span class='ocrx_word' id='word_1_136' title='bbox 737 1228 921 1269; x_wconf 90' lang='lat' dir='ltr'><strong>acetum</strong></span> <span class='ocrx_word' id='word_1_137' title='bbox 967 1237 1024 1269; x_wconf 92' lang='lat' dir='ltr'><strong>ex</strong></span> <span class='ocrx_word' id='word_1_138' title='bbox 1067 1222 1248 1285; x_wconf 87' lang='lat' dir='ltr'><strong>thymo,</strong></span> <span class='ocrx_word' id='word_1_139' title='bbox 1296 1225 1488 1284; x_wconf 90' lang='lat' dir='ltr'><strong>origano</strong></span> <span class='ocrx_word' id='word_1_140' title='bbox 1537 1223 1788 1285; x_wconf 88' lang='lat' dir='ltr'><strong>puleioque</strong></span> <span class='ocrx_word' id='word_1_141' title='bbox 1812 1237 1853 1269; x_wconf 84' lang='lat'><strong>15</strong></span> 
     </span>
     <span class='ocr_line' id='line_1_25' title="bbox 192 1291 1793 1354; baseline 0.001 -15"><span class='ocrx_word' id='word_1_142' title='bbox 192 1292 457 1340; x_wconf 83' lang='lat' dir='ltr'><strong>consectum</strong></span> <span class='ocrx_word' id='word_1_143' title='bbox 488 1292 695 1354; x_wconf 87' lang='lat' dir='ltr'><strong>prodest,</strong></span> <span class='ocrx_word' id='word_1_144' title='bbox 726 1293 766 1338; x_wconf 92' lang='lat' dir='ltr'><strong>si</strong></span> <span class='ocrx_word' id='word_1_145' title='bbox 797 1291 990 1338; x_wconf 88' lang='lat' dir='ltr'><strong>adsidue</strong></span> <span class='ocrx_word' id='word_1_146' title='bbox 1022 1292 1311 1353; x_wconf 84' lang='lat' dir='ltr'><strong>degustetur.</strong></span> <span class='ocrx_word' id='word_1_147' title='bbox 1358 1292 1505 1339; x_wconf 88' lang='lat' dir='ltr'><strong>Utiles</strong></span> <span class='ocrx_word' id='word_1_148' title='bbox 1537 1300 1647 1339; x_wconf 89' lang='lat' dir='ltr'><strong>sunt</strong></span> <span class='ocrx_word' id='word_1_149' title='bbox 1668 1295 1793 1340; x_wconf 90' lang='lat' dir='ltr'><strong>inter</strong></span> 
     </span>
     <span class='ocr_line' id='line_1_26' title="bbox 189 1361 1792 1424; baseline 0.001 -16"><span class='ocrx_word' id='word_1_150' title='bbox 189 1363 323 1409; x_wconf 88' lang='lat' dir='ltr'><strong>initia</strong></span> <span class='ocrx_word' id='word_1_151' title='bbox 363 1364 572 1424; x_wconf 91' lang='lat' dir='ltr'><strong>quamvis</strong></span> <span class='ocrx_word' id='word_1_152' title='bbox 610 1361 805 1408; x_wconf 88' lang='lat' dir='ltr'><strong>molesta</strong></span> <span class='ocrx_word' id='word_1_153' title='bbox 845 1363 1117 1422; x_wconf 86' lang='lat' dir='ltr'><strong>suspiriosis</strong></span> <span class='ocrx_word' id='word_1_154' title='bbox 1148 1362 1429 1409; x_wconf 90' lang='lat' dir='ltr'><strong>sorbitiones</strong></span> <span class='ocrx_word' id='word_1_155' title='bbox 1459 1362 1517 1409; x_wconf 90' lang='lat' dir='ltr'><strong>de</strong></span> <span class='ocrx_word' id='word_1_156' title='bbox 1546 1377 1688 1423; x_wconf 88' lang='lat' dir='ltr'><strong>porro</strong></span> <span class='ocrx_word' id='word_1_157' title='bbox 1720 1378 1792 1410; x_wconf 91' lang='lat' dir='ltr'><strong>ca-</strong></span> 
     </span>
     <span class='ocr_line' id='line_1_27' title="bbox 189 1432 1792 1494; baseline 0.001 -15"><span class='ocrx_word' id='word_1_158' title='bbox 189 1434 337 1493; x_wconf 86' lang='lat' dir='ltr'><strong>pitato</strong></span> <span class='ocrx_word' id='word_1_159' title='bbox 369 1433 516 1479; x_wconf 86' lang='lat' dir='ltr'><strong>factae</strong></span> <span class='ocrx_word' id='word_1_160' title='bbox 548 1438 596 1479; x_wconf 91' lang='lat' dir='ltr'><strong>et</strong></span> <span class='ocrx_word' id='word_1_161' title='bbox 626 1447 682 1478; x_wconf 88' lang='lat' dir='ltr'><strong>ex</strong></span> <span class='ocrx_word' id='word_1_162' title='bbox 706 1433 857 1478; x_wconf 88' lang='lat' dir='ltr'><strong>urtica</strong></span> <span class='ocrx_word' id='word_1_163' title='bbox 888 1438 1027 1492; x_wconf 89' lang='lat' dir='ltr'><strong>atque</strong></span> <span class='ocrx_word' id='word_1_164' title='bbox 1059 1434 1286 1479; x_wconf 89' lang='lat' dir='ltr'><strong>nasturcii</strong></span> <span class='ocrx_word' id='word_1_165' title='bbox 1317 1434 1507 1479; x_wconf 91' lang='lat' dir='ltr'><strong>semine.</strong></span> <span class='ocrx_word' id='word_1_166' title='bbox 1553 1432 1792 1494; x_wconf 91' lang='lat' dir='ltr'><strong>Perungui</strong></span> 
     </span>
     <span class='ocr_line' id='line_1_28' title="bbox 192 1501 1790 1564; baseline 0.001 -16"><span class='ocrx_word' id='word_1_167' title='bbox 192 1508 347 1549; x_wconf 83' lang='lat' dir='ltr'><strong>autem</strong></span> <span class='ocrx_word' id='word_1_168' title='bbox 394 1517 474 1548; x_wconf 91' lang='lat' dir='ltr'><strong>eos</strong></span> <span class='ocrx_word' id='word_1_169' title='bbox 519 1507 705 1563; x_wconf 89' lang='lat' dir='ltr'><strong>oportet</strong></span> <span class='ocrx_word' id='word_1_170' title='bbox 749 1501 894 1548; x_wconf 89' lang='lat' dir='ltr'><strong>rebus</strong></span> <span class='ocrx_word' id='word_1_171' title='bbox 942 1501 1343 1564; x_wconf 76' lang='lat' dir='ltr'><strong>calefacientibus,</strong></span> <span class='ocrx_word' id='word_1_172' title='bbox 1395 1508 1523 1548; x_wconf 91' lang='lat' dir='ltr'><strong>certe</strong></span> <span class='ocrx_word' id='word_1_173' title='bbox 1567 1503 1790 1564; x_wconf 88' lang='lat' dir='ltr'><strong>pyrethro</strong></span> 
     </span>
     <span class='ocr_line' id='line_1_29' title="bbox 191 1572 1855 1634; baseline -0.001 -16"><span class='ocrx_word' id='word_1_174' title='bbox 191 1586 298 1618; x_wconf 88' lang='lat' dir='ltr'><strong>cum</strong></span> <span class='ocrx_word' id='word_1_175' title='bbox 337 1572 438 1619; x_wconf 93' lang='lat' dir='ltr'><strong>oleo</strong></span> <span class='ocrx_word' id='word_1_176' title='bbox 476 1572 692 1634; x_wconf 83' lang='lat' dir='ltr'><strong>decocto3</strong></span> <span class='ocrx_word' id='word_1_177' title='bbox 738 1573 1021 1632; x_wconf 87' lang='lat' dir='ltr'><strong>gestationes</strong></span> <span class='ocrx_word' id='word_1_178' title='bbox 1061 1586 1247 1633; x_wconf 89' lang='lat' dir='ltr'><strong>quoque</strong></span> <span class='ocrx_word' id='word_1_179' title='bbox 1285 1586 1370 1633; x_wconf 92' lang='lat' dir='ltr'><strong>per</strong></span> <span class='ocrx_word' id='word_1_180' title='bbox 1406 1573 1525 1618; x_wconf 89' lang='lat' dir='ltr'><strong>viam</strong></span> <span class='ocrx_word' id='word_1_181' title='bbox 1564 1578 1788 1634; x_wconf 83' lang='lat' dir='ltr'><strong>myrteam</strong></span> <span class='ocrx_word' id='word_1_182' title='bbox 1813 1585 1855 1616; x_wconf 84' lang='lat'><strong>20</strong></span> 
     </span>
     <span class='ocr_line' id='line_1_30' title="bbox 189 1641 1791 1703; baseline 0.001 -16"><span class='ocrx_word' id='word_1_183' title='bbox 189 1648 391 1702; x_wconf 90' lang='lat' dir='ltr'><strong>prosunt</strong></span> <span class='ocrx_word' id='word_1_184' title='bbox 434 1648 481 1688; x_wconf 90' lang='lat' dir='ltr'><strong>et</strong></span> <span class='ocrx_word' id='word_1_185' title='bbox 524 1643 564 1687; x_wconf 91' lang='lat' dir='ltr'><strong>si</strong></span> <span class='ocrx_word' id='word_1_186' title='bbox 601 1655 744 1702; x_wconf 92' lang='lat' dir='ltr'><strong>super</strong></span> <span class='ocrx_word' id='word_1_187' title='bbox 780 1641 993 1687; x_wconf 87' lang='lat' dir='ltr'><strong>lecticam</strong></span> <span class='ocrx_word' id='word_1_188' title='bbox 1033 1641 1104 1687; x_wconf 91' lang='lat' dir='ltr'><strong>vel</strong></span> <span class='ocrx_word' id='word_1_189' title='bbox 1147 1656 1288 1702; x_wconf 88' lang='lat' dir='ltr'><strong>super</strong></span> <span class='ocrx_word' id='word_1_190' title='bbox 1326 1642 1499 1688; x_wconf 89' lang='lat' dir='ltr'><strong>lectum</strong></span> <span class='ocrx_word' id='word_1_191' title='bbox 1538 1642 1791 1703; x_wconf 88' lang='lat' dir='ltr'><strong>suspenda-</strong></span> 
     </span>
     <span class='ocr_line' id='line_1_31' title="bbox 191 1711 1790 1773; baseline 0.001 -16"><span class='ocrx_word' id='word_1_192' title='bbox 191 1719 270 1758; x_wconf 90' lang='lat' dir='ltr'><strong>tur</strong></span> <span class='ocrx_word' id='word_1_193' title='bbox 306 1711 399 1758; x_wconf 90' lang='lat' dir='ltr'><strong>illis</strong></span> <span class='ocrx_word' id='word_1_194' title='bbox 436 1717 638 1773; x_wconf 89' lang='lat' dir='ltr'><strong>myrtus,</strong></span> <span class='ocrx_word' id='word_1_195' title='bbox 678 1711 886 1757; x_wconf 88' lang='lat' dir='ltr'><strong>remedio</strong></span> <span class='ocrx_word' id='word_1_196' title='bbox 925 1712 1028 1757; x_wconf 89' lang='lat' dir='ltr'><strong>erit.</strong></span> <span class='ocrx_word' id='word_1_197' title='bbox 1101 1711 1170 1757; x_wconf 89' lang='lat' dir='ltr'><strong>Ad</strong></span> <span class='ocrx_word' id='word_1_198' title='bbox 1209 1713 1493 1772; x_wconf 90' lang='lat' dir='ltr'><strong>suspiriosos</strong></span> <span class='ocrx_word' id='word_1_199' title='bbox 1531 1711 1790 1758; x_wconf 88' lang='lat' dir='ltr'><strong>remedium</strong></span> 
     </span>
     <span class='ocr_line' id='line_1_32' title="bbox 191 1780 1790 1842; baseline 0.001 -15"><span class='ocrx_word' id='word_1_200' title='bbox 191 1780 414 1828; x_wconf 90' lang='lat' dir='ltr'><strong>salutare:</strong></span> <span class='ocrx_word' id='word_1_201' title='bbox 447 1781 669 1842; x_wconf 91' lang='lat' dir='ltr'><strong>Spumam</strong></span> <span class='ocrx_word' id='word_1_202' title='bbox 701 1781 758 1832; x_wconf 88' lang='lat' dir='ltr'><strong>de</strong></span> <span class='ocrx_word' id='word_1_203' title='bbox 790 1795 870 1826; x_wconf 90' lang='lat' dir='ltr'><strong>ore</strong></span> <span class='ocrx_word' id='word_1_204' title='bbox 900 1780 1053 1827; x_wconf 88' lang='lat' dir='ltr'><strong>mulae</strong></span> <span class='ocrx_word' id='word_1_205' title='bbox 1085 1780 1249 1842; x_wconf 83' lang='lat' dir='ltr'><strong>collige</strong></span> <span class='ocrx_word' id='word_1_206' title='bbox 1281 1787 1327 1827; x_wconf 90' lang='lat' dir='ltr'><strong>et</strong></span> <span class='ocrx_word' id='word_1_207' title='bbox 1358 1782 1405 1827; x_wconf 92' lang='lat' dir='ltr'><strong>in</strong></span> <span class='ocrx_word' id='word_1_208' title='bbox 1437 1781 1628 1827; x_wconf 87' lang='lat' dir='ltr'><strong>calicem</strong></span> <span class='ocrx_word' id='word_1_209' title='bbox 1656 1783 1790 1829; x_wconf 89' lang='lat' dir='ltr'><strong>mitte</strong></span> 
     </span>
     <span class='ocr_line' id='line_1_33' title="bbox 191 1850 1789 1913; baseline 0.001 -17"><span class='ocrx_word' id='word_1_210' title='bbox 191 1857 331 1912; x_wconf 89' lang='lat' dir='ltr'><strong>atque</strong></span> <span class='ocrx_word' id='word_1_211' title='bbox 377 1866 432 1898; x_wconf 91' lang='lat' dir='ltr'><strong>ex</strong></span> <span class='ocrx_word' id='word_1_212' title='bbox 478 1865 596 1912; x_wconf 89' lang='lat' dir='ltr'><strong>aqua</strong></span> <span class='ocrx_word' id='word_1_213' title='bbox 641 1850 787 1897; x_wconf 86' lang='lat' dir='ltr'><strong>calida</strong></span> <span class='ocrx_word' id='word_1_214' title='bbox 832 1852 928 1897; x_wconf 92' lang='lat' dir='ltr'><strong>sive</strong></span> <span class='ocrx_word' id='word_1_215' title='bbox 972 1851 1072 1897; x_wconf 87' lang='lat' dir='ltr'><strong>viro</strong></span> <span class='ocrx_word' id='word_1_216' title='bbox 1120 1865 1203 1897; x_wconf 94' lang='lat' dir='ltr'><strong>seu</strong></span> <span class='ocrx_word' id='word_1_217' title='bbox 1247 1851 1473 1913; x_wconf 87' lang='lat' dir='ltr'><strong>feminae,</strong></span> <span class='ocrx_word' id='word_1_218' title='bbox 1514 1865 1631 1912; x_wconf 90' lang='lat' dir='ltr'><strong>quae</strong></span> <span class='ocrx_word' id='word_1_219' title='bbox 1669 1851 1789 1898; x_wconf 91' lang='lat' dir='ltr'><strong>hanc</strong></span> 
     </span>
     <span class='ocr_line' id='line_1_34' title="bbox 189 1919 1855 1983; baseline -0.002 -16"><span class='ocrx_word' id='word_1_220' title='bbox 189 1921 449 1967; x_wconf 89' lang='lat' dir='ltr'><strong>molestiam</strong></span> <span class='ocrx_word' id='word_1_221' title='bbox 473 1922 663 1982; x_wconf 88' lang='lat' dir='ltr'><strong>patitur,</strong></span> <span class='ocrx_word' id='word_1_222' title='bbox 688 1921 912 1967; x_wconf 91' lang='lat' dir='ltr'><strong>continuo</strong></span> <span class='ocrx_word' id='word_1_223' title='bbox 937 1920 993 1966; x_wconf 93' lang='lat' dir='ltr'><strong>da</strong></span> <span class='ocrx_word' id='word_1_224' title='bbox 1018 1919 1287 1983; x_wconf 81' lang='lat' dir='ltr'><strong>bibendam3</strong></span> <span class='ocrx_word' id='word_1_225' title='bbox 1313 1920 1452 1967; x_wconf 91' lang='lat' dir='ltr'><strong>homo</strong></span> <span class='ocrx_word' id='word_1_226' title='bbox 1479 1922 1634 1967; x_wconf 91' lang='lat' dir='ltr'><strong>statim</strong></span> <span class='ocrx_word' id='word_1_227' title='bbox 1659 1935 1789 1968; x_wconf 87' lang='lat' dir='ltr'><strong>sana·</strong></span> <span class='ocrx_word' id='word_1_228' title='bbox 1814 1933 1855 1964; x_wconf 84' lang='lat'><strong>25</strong></span> 
     </span>
     <span class='ocr_line' id='line_1_35' title="bbox 191 1989 1790 2053; baseline 0.001 -17"><span class='ocrx_word' id='word_1_229' title='bbox 191 1990 340 2053; x_wconf 89' lang='lat' dir='ltr'><strong>bitur,</strong></span> <span class='ocrx_word' id='word_1_230' title='bbox 387 1990 468 2037; x_wconf 93' lang='lat' dir='ltr'><strong>sed</strong></span> <span class='ocrx_word' id='word_1_231' title='bbox 515 1990 639 2037; x_wconf 91' lang='lat' dir='ltr'><strong>mula</strong></span> <span class='ocrx_word' id='word_1_232' title='bbox 684 1991 926 2036; x_wconf 90' lang='lat' dir='ltr'><strong>morietur.</strong></span> <span class='ocrx_word' id='word_1_233' title='bbox 1000 1989 1068 2035; x_wconf 90' lang='lat' dir='ltr'><strong>Ad</strong></span> <span class='ocrx_word' id='word_1_234' title='bbox 1115 1991 1398 2051; x_wconf 90' lang='lat' dir='ltr'><strong>suspiriosos</strong></span> <span class='ocrx_word' id='word_1_235' title='bbox 1447 1990 1677 2037; x_wconf 89' lang='lat' dir='ltr'><strong>sanandos</strong></span> <span class='ocrx_word' id='word_1_236' title='bbox 1728 1991 1790 2038; x_wconf 82' lang='lat' dir='ltr'><strong>sel</strong></span> 
     </span>
     <span class='ocr_line' id='line_1_36' title="bbox 190 2059 1788 2122; baseline 0 -16"><span class='ocrx_word' id='word_1_237' title='bbox 190 2062 406 2106; x_wconf 90' lang='lat' dir='ltr'><strong>ursinum</strong></span> <span class='ocrx_word' id='word_1_238' title='bbox 444 2074 562 2121; x_wconf 84' lang='lat' dir='ltr'><strong>aqua</strong></span> <span class='ocrx_word' id='word_1_239' title='bbox 601 2059 798 2106; x_wconf 90' lang='lat' dir='ltr'><strong>dilutum</strong></span> <span class='ocrx_word' id='word_1_240' title='bbox 838 2059 1092 2106; x_wconf 85' lang='lat' dir='ltr'><strong>bibendum</strong></span> <span class='ocrx_word' id='word_1_241' title='bbox 1132 2061 1306 2122; x_wconf 90' lang='lat' dir='ltr'><strong>optime</strong></span> <span class='ocrx_word' id='word_1_242' title='bbox 1337 2060 1487 2122; x_wconf 85' lang='lat' dir='ltr'><strong>datur,</strong></span> <span class='ocrx_word' id='word_1_243' title='bbox 1524 2062 1646 2106; x_wconf 86' lang='lat' dir='ltr'><strong>intra</strong></span> <span class='ocrx_word' id='word_1_244' title='bbox 1676 2075 1788 2121; x_wconf 91' lang='lat' dir='ltr'><strong>pau-</strong></span> 
     </span>
     <span class='ocr_line' id='line_1_37' title="bbox 192 2129 1789 2190; baseline 0 -14"><span class='ocrx_word' id='word_1_245' title='bbox 192 2144 272 2176; x_wconf 90' lang='lat' dir='ltr'><strong>cos</strong></span> <span class='ocrx_word' id='word_1_246' title='bbox 318 2131 441 2176; x_wconf 89' lang='lat' dir='ltr'><strong>enim</strong></span> <span class='ocrx_word' id='word_1_247' title='bbox 488 2130 587 2176; x_wconf 90' lang='lat' dir='ltr'><strong>dies</strong></span> <span class='ocrx_word' id='word_1_248' title='bbox 632 2136 849 2190; x_wconf 86' lang='lat' dir='ltr'><strong>potenter</strong></span> <span class='ocrx_word' id='word_1_249' title='bbox 894 2130 1121 2176; x_wconf 88' lang='lat' dir='ltr'><strong>medetur.</strong></span> <span class='ocrx_word' id='word_1_250' title='bbox 1195 2129 1262 2175; x_wconf 87' lang='lat' dir='ltr'><strong>Ad</strong></span> <span class='ocrx_word' id='word_1_251' title='bbox 1308 2130 1591 2190; x_wconf 86' lang='lat' dir='ltr'><strong>suspiriosos</strong></span> <span class='ocrx_word' id='word_1_252' title='bbox 1640 2144 1789 2176; x_wconf 91' lang='lat' dir='ltr'><strong>reme-</strong></span> 
     </span>
     <span class='ocr_line' id='line_1_38' title="bbox 191 2198 1788 2261; baseline -0.001 -15"><span class='ocrx_word' id='word_1_253' title='bbox 191 2199 318 2246; x_wconf 88' lang='lat' dir='ltr'><strong>dium</strong></span> <span class='ocrx_word' id='word_1_254' title='bbox 357 2205 547 2261; x_wconf 89' lang='lat' dir='ltr'><strong>potens:</strong></span> <span class='ocrx_word' id='word_1_255' title='bbox 584 2199 766 2245; x_wconf 88' lang='lat' dir='ltr'><strong>Herbae</strong></span> <span class='ocrx_word' id='word_1_256' title='bbox 807 2199 1023 2245; x_wconf 87' lang='lat' dir='ltr'><strong>salutaris</strong></span> <span class='ocrx_word' id='word_1_257' title='bbox 1062 2198 1335 2245; x_wconf 87' lang='lat' dir='ltr'><strong>fasciculum</strong></span> <span class='ocrx_word' id='word_1_258' title='bbox 1367 2205 1414 2245; x_wconf 87' lang='lat' dir='ltr'><strong>et</strong></span> <span class='ocrx_word' id='word_1_259' title='bbox 1443 2199 1636 2245; x_wconf 86' lang='lat' dir='ltr'><strong>ficorum</strong></span> <span class='ocrx_word' id='word_1_260' title='bbox 1669 2199 1788 2245; x_wconf 83' lang='lat' dir='ltr'><strong>Afri-</strong></span> 
     </span>
     <span class='ocr_line' id='line_1_39' title="bbox 191 2268 1852 2330; baseline -0.002 -15"><span class='ocrx_word' id='word_1_261' title='bbox 191 2284 415 2316; x_wconf 90' lang='lat' dir='ltr'><strong>canorum</strong></span> <span class='ocrx_word' id='word_1_262' title='bbox 453 2269 690 2315; x_wconf 85' lang='lat' dir='ltr'><strong>aridorum</strong></span> <span class='ocrx_word' id='word_1_263' title='bbox 729 2268 947 2315; x_wconf 88' lang='lat' dir='ltr'><strong>selibram</strong></span> <span class='ocrx_word' id='word_1_264' title='bbox 985 2284 1041 2315; x_wconf 87' lang='lat' dir='ltr'><strong>ex</strong></span> <span class='ocrx_word' id='word_1_265' title='bbox 1072 2283 1218 2330; x_wconf 89' lang='lat' dir='ltr'><strong>aquae</strong></span> <span class='ocrx_word' id='word_1_266' title='bbox 1248 2268 1445 2315; x_wconf 87' lang='lat' dir='ltr'><strong>fluvialis</strong></span> <span class='ocrx_word' id='word_1_267' title='bbox 1475 2268 1676 2314; x_wconf 90' lang='lat' dir='ltr'><strong>heminis</strong></span> <span class='ocrx_word' id='word_1_268' title='bbox 1707 2271 1787 2315; x_wconf 86' lang='lat' dir='ltr'><strong>tri-</strong></span> <span class='ocrx_word' id='word_1_269' title='bbox 1810 2281 1852 2312; x_wconf 82' lang='lat'><strong>30</strong></span> 
     </span>
     <span class='ocr_line' id='line_1_40' title="bbox 191 2338 1787 2400; baseline 0.001 -15"><span class='ocrx_word' id='word_1_270' title='bbox 191 2338 278 2385; x_wconf 89' lang='lat' dir='ltr'><strong>hus</strong></span> <span class='ocrx_word' id='word_1_271' title='bbox 311 2339 560 2400; x_wconf 86' lang='lat' dir='ltr'><strong>decoquito</strong></span> <span class='ocrx_word' id='word_1_272' title='bbox 592 2339 646 2385; x_wconf 91' lang='lat' dir='ltr'><strong>ad</strong></span> <span class='ocrx_word' id='word_1_273' title='bbox 678 2338 921 2384; x_wconf 26' lang='lat' dir='ltr'><strong>heminam*</strong></span> <span class='ocrx_word' id='word_1_274' title='bbox 943 2353 1138 2399; x_wconf 88' lang='lat' dir='ltr'><strong>eamque</strong></span> <span class='ocrx_word' id='word_1_275' title='bbox 1169 2340 1300 2399; x_wconf 90' lang='lat' dir='ltr'><strong>potui</strong></span> <span class='ocrx_word' id='word_1_276' title='bbox 1327 2338 1432 2384; x_wconf 88' lang='lat' dir='ltr'><strong>dato</strong></span> <span class='ocrx_word' id='word_1_277' title='bbox 1456 2352 1541 2398; x_wconf 89' lang='lat' dir='ltr'><strong>per</strong></span> <span class='ocrx_word' id='word_1_278' title='bbox 1564 2338 1787 2387; x_wconf 88' lang='lat' dir='ltr'><strong>triduum.</strong></span> 
     </span>
    </p>

    <p class='ocr_par' dir='ltr' id='par_1_12' title="bbox 191 2408 1786 2541">
     <span class='ocr_line' id='line_1_41' title="bbox 331 2408 1786 2470; baseline -0.001 -16"><span class='ocrx_word' id='word_1_279' title='bbox 331 2409 400 2455; x_wconf 89' lang='lat' dir='ltr'><strong>Ad</strong></span> <span class='ocrx_word' id='word_1_280' title='bbox 439 2410 680 2469; x_wconf 84' lang='lat' dir='ltr'><strong>sanguinis</strong></span> <span class='ocrx_word' id='word_1_281' title='bbox 719 2410 1014 2470; x_wconf 89' lang='lat' dir='ltr'><strong>eruptionem</strong></span> <span class='ocrx_word' id='word_1_282' title='bbox 1053 2410 1149 2454; x_wconf 88' lang='lat' dir='ltr'><strong>sive</strong></span> <span class='ocrx_word' id='word_1_283' title='bbox 1187 2422 1241 2454; x_wconf 86' lang='lat' dir='ltr'><strong>ex</strong></span> <span class='ocrx_word' id='word_1_284' title='bbox 1274 2409 1442 2454; x_wconf 86' lang='lat' dir='ltr'><strong>arteria</strong></span> <span class='ocrx_word' id='word_1_285' title='bbox 1474 2409 1568 2453; x_wconf 90' lang='lat' dir='ltr'><strong>sive</strong></span> <span class='ocrx_word' id='word_1_286' title='bbox 1600 2423 1654 2453; x_wconf 90' lang='lat' dir='ltr'><strong>ex</strong></span> <span class='ocrx_word' id='word_1_287' title='bbox 1686 2408 1786 2468; x_wconf 90' lang='lat' dir='ltr'><strong>pul-</strong></span> 
     </span>
     <span class='ocr_line' id='line_1_42' title="bbox 191 2477 1785 2541; baseline 0 -17"><span class='ocrx_word' id='word_1_288' title='bbox 191 2493 327 2525; x_wconf 88' lang='lat' dir='ltr'><strong>mone</strong></span> <span class='ocrx_word' id='word_1_289' title='bbox 366 2478 439 2524; x_wconf 84' lang='lat' dir='ltr'><strong>vel</strong></span> <span class='ocrx_word' id='word_1_290' title='bbox 475 2484 667 2539; x_wconf 90' lang='lat' dir='ltr'><strong>pectore</strong></span> <span class='ocrx_word' id='word_1_291' title='bbox 699 2478 817 2524; x_wconf 89' lang='lat' dir='ltr'><strong>bene</strong></span> <span class='ocrx_word' id='word_1_292' title='bbox 850 2478 960 2524; x_wconf 83' lang='lat' dir='ltr'><strong>facit</strong></span> <span class='ocrx_word' id='word_1_293' title='bbox 990 2477 1222 2539; x_wconf 89' lang='lat' dir='ltr'><strong>symphyti</strong></span> <span class='ocrx_word' id='word_1_294' title='bbox 1252 2478 1396 2541; x_wconf 87' lang='lat' dir='ltr'><strong>radix,</strong></span> <span class='ocrx_word' id='word_1_295' title='bbox 1428 2492 1564 2538; x_wconf 89' lang='lat' dir='ltr'><strong>quam</strong></span> <span class='ocrx_word' id='word_1_296' title='bbox 1598 2478 1785 2538; x_wconf 89' lang='lat' dir='ltr'><strong>quidam</strong></span> 
     </span>
    </p>
   </div>
   <div class='ocr_carea' id='block_1_11' title="bbox 186 2596 1783 2818">
    <p class='ocr_par' dir='ltr' id='par_1_13' title="bbox 186 2596 1783 2818">
     <span class='ocr_line' id='line_1_43' title="bbox 328 2596 1783 2653; baseline 0.001 -14"><span class='ocrx_word' id='word_1_297' title='bbox 328 2604 355 2639; x_wconf 88' lang='lat'>4</span> <span class='ocrx_word' id='word_1_298' title='bbox 386 2598 554 2651; x_wconf 73' lang='lat' dir='ltr'><strong>oportit</strong></span> <span class='ocrx_word' id='word_1_299' title='bbox 591 2598 696 2650; x_wconf 77' lang='lat' dir='ltr'><strong>(fere</strong></span> <span class='ocrx_word' id='word_1_300' title='bbox 731 2599 923 2651; x_wconf 75' lang='lat' dir='ltr'><strong>semper).</strong></span> <span class='ocrx_word' id='word_1_301' title='bbox 1068 2602 1092 2638; x_wconf 88' lang='grc'><strong>6</strong></span> <span class='ocrx_word' id='word_1_302' title='bbox 1120 2596 1259 2650; x_wconf 82' lang='lat' dir='ltr'><strong>ysopi.</strong></span> <span class='ocrx_word' id='word_1_303' title='bbox 1406 2602 1428 2639; x_wconf 83' lang='lat'><strong>7</strong></span> <span class='ocrx_word' id='word_1_304' title='bbox 1460 2597 1678 2653; x_wconf 76' lang='lat' dir='ltr'><strong>detracta]</strong></span> <span class='ocrx_word' id='word_1_305' title='bbox 1717 2611 1783 2640; x_wconf 89' lang='lat' dir='ltr'><strong>re-</strong></span> 
     </span>
     <span class='ocr_line' id='line_1_44' title="bbox 186 2653 1783 2708; baseline 0.001 -14"><span class='ocrx_word' id='word_1_306' title='bbox 186 2654 343 2695; x_wconf 20' lang='lat' dir='ltr'><strong>tractat</strong></span> <span class='ocrx_word' id='word_1_307' title='bbox 403 2655 601 2707; x_wconf 74' lang='lat' dir='ltr'><strong>Apparet</strong></span> <span class='ocrx_word' id='word_1_308' title='bbox 637 2654 753 2695; x_wconf 75' lang='lat' dir='ltr'><strong>hunc</strong></span> <span class='ocrx_word' id='word_1_309' title='bbox 793 2654 930 2696; x_wconf 80' lang='lat' dir='ltr'><strong>locum</strong></span> <span class='ocrx_word' id='word_1_310' title='bbox 967 2653 1131 2704; x_wconf 79' lang='lat' dir='ltr'><strong>aliquot</strong></span> <span class='ocrx_word' id='word_1_311' title='bbox 1166 2654 1303 2695; x_wconf 79' lang='lat' dir='ltr'><strong>verbis</strong></span> <span class='ocrx_word' id='word_1_312' title='bbox 1340 2654 1506 2695; x_wconf 81' lang='lat' dir='ltr'><strong>omissis</strong></span> <span class='ocrx_word' id='word_1_313' title='bbox 1534 2658 1783 2708; x_wconf 75' lang='lat' dir='ltr'><strong>corruptum</strong></span> 
     </span>
     <span class='ocr_line' id='line_1_45' title="bbox 187 2707 1781 2762; baseline 0 -11"><span class='ocrx_word' id='word_1_314' title='bbox 187 2721 282 2751; x_wconf 82' lang='lat' dir='ltr'><strong>esse.</strong></span> <span class='ocrx_word' id='word_1_315' title='bbox 367 2714 418 2750; x_wconf 85' lang='lat'><strong>14</strong></span> <span class='ocrx_word' id='word_1_316' title='bbox 447 2709 644 2751; x_wconf 83' lang='lat' dir='ltr'><strong>bulbum.</strong></span> <span class='ocrx_word' id='word_1_317' title='bbox 732 2712 783 2751; x_wconf 89' lang='lat'><strong>18</strong></span> <span class='ocrx_word' id='word_1_318' title='bbox 814 2708 1062 2762; x_wconf 81' lang='lat' dir='ltr'><strong>perungeri.</strong></span> <span class='ocrx_word' id='word_1_319' title='bbox 1150 2713 1202 2750; x_wconf 80' lang='lat'><strong>26</strong></span> <span class='ocrx_word' id='word_1_320' title='bbox 1235 2707 1511 2761; x_wconf 81' lang='lat' dir='ltr'><strong>suspiriosus.</strong></span> <span class='ocrx_word' id='word_1_321' title='bbox 1600 2714 1650 2751; x_wconf 90' lang='lat'><strong>31</strong></span> <span class='ocrx_word' id='word_1_322' title='bbox 1677 2710 1781 2751; x_wconf 88' lang='lat' dir='ltr'><strong>emi-</strong></span> 
     </span>
     <span class='ocr_line' id='line_1_46' title="bbox 187 2764 734 2818; baseline 0 -12"><span class='ocrx_word' id='word_1_323' title='bbox 187 2778 302 2807; x_wconf 78' lang='lat' dir='ltr'><strong>nam,</strong></span> <span class='ocrx_word' id='word_1_324' title='bbox 419 2769 471 2805; x_wconf 88' lang='lat'><strong>33</strong></span> <span class='ocrx_word' id='word_1_325' title='bbox 503 2764 734 2818; x_wconf 71' lang='lat' dir='ltr'><strong>sympeuti.</strong></span> 
     </span>
    </p>
   </div>
  </div>
 </body>
</html>
