1898 3016
122 409 145 446 7

793 162 851 168 —
932 133 1032 184 190
1106 163 1167 168 —-

175 258 365 324 pellant,
403 267 450 306 et
484 260 539 307 ad
572 262 732 322 spinae
763 263 907 309 totius
938 261 1299 324 lumborumque
1330 263 1538 311 dolorem
1569 279 1626 311 ex
1657 279 1774 326 aqua

177 329 326 376 mulsa
364 329 523 377 datum
561 332 688 378 iuxta
727 333 849 378 vires
887 333 1130 393 cuiusque.

317 399 434 446 Item
473 400 529 447 ad
566 401 819 462 podagram
856 401 975 448 hene
1014 402 1144 465 facit3
1188 416 1295 448 nam
1340 409 1387 449 et
1425 405 1473 450 in
1511 406 1776 465 praesentia

176 469 463 517 detractione
509 470 682 518 doloris
727 471 902 518 relevat
950 477 997 518 et
1040 473 1088 518 in
1135 472 1349 518 futurum
1393 475 1520 520 omni
1563 473 1776 521 molestia

174 538 364 603 liberat3
400 540 591 587 dimidio
623 543 746 588 enim
779 541 979 588 celerius
1010 547 1234 589 sanantur
1263 543 1344 603 qui
1374 550 1658 604 acceperunt
1686 544 1775 591 hoc
1797 557 1819 590 5

173 609 567 656 medicamentum
612 625 751 672 quam
795 613 928 672 prius
974 611 1185 659 solebant
1223 614 1388 659 sanari.
1463 613 1586 668 Quid
1624 613 1775 661 dicam

175 679 566 740 quemadmodum
602 683 754 742 prosit
791 681 847 728 ad
886 682 1083 728 duritias
1119 697 1424 729 mammarum
1459 682 1777 745 muliebrium,

176 763 294 810 quae
326 764 434 796 cum
465 749 624 796 dolore
657 765 821 812 magno
853 751 1006 798 solent
1034 753 1164 799 nasci
1195 766 1405 814 quasque
1436 751 1615 799 nullum
1651 752 1775 800 aliud

173 819 566 866 medicamentum
603 820 798 884 relevat3
835 836 940 868 nam
978 822 1060 868 has
1099 828 1146 868 et
1183 822 1238 868 ad
1273 837 1496 884 praesens
1527 823 1777 869 admodum

175 894 310 935 curat
339 897 386 936 et
415 891 464 936 in
493 897 774 951 perpetuum
803 906 858 938 ex
883 897 981 938 toto
1006 892 1244 938 interdum
1267 899 1411 954 sanat,
1443 907 1557 953 quas
1581 892 1769 954 quidem
1794 908 1838 938 ιο

174 973 338 1005 causas
374 958 588 1021 plerique
625 961 916 1008 medicorum
947 961 1228 1008 insanabiles
1262 962 1529 1025 adfirmant3
1567 964 1774 1009 carcino-

173 1036 296 1075 mata
342 1030 467 1075 enim
513 1036 560 1076 et
603 1031 849 1077 cacoethes
893 1031 1008 1078 haec
1052 1033 1163 1078 vitia
1208 1038 1483 1093 sequuntur.
1559 1032 1651 1079 Sed
1689 1047 1774 1093 ego

172 1097 394 1145 honestas
432 1099 627 1147 feminas
666 1100 888 1161 quasdam
923 1102 1194 1162 saepissime
1217 1101 1307 1148 hoc
1329 1101 1668 1149 medicamento
1700 1102 1776 1148 ad-

173 1169 308 1214 firmo
347 1175 545 1216 sanatas.

314 1238 432 1285 Illud
478 1254 588 1285 vero
635 1254 775 1301 supra
814 1242 1023 1287 omnium
1068 1242 1335 1301 opinionem
1380 1247 1472 1303 est,
1517 1241 1641 1302 quod
1681 1248 1772 1288 sto·
1797 1255 1837 1286 15

171 1308 396 1355 machicis
434 1309 675 1356 evidenter
706 1313 937 1374 convenit,
975 1325 1083 1357 cum
1122 1312 1183 1357 sit
1213 1312 1553 1358 virosissimum
1584 1313 1772 1358 amaris-

174 1379 438 1440 simumque
476 1379 869 1427 medicamentum
907 1387 953 1427 et
988 1380 1257 1427 stomachus
1288 1395 1346 1427 ne
1377 1381 1624 1428 adversum
1654 1381 1771 1428 levia

174 1448 363 1509 quidem
408 1457 454 1496 et
498 1449 726 1511 simplicia
769 1450 1106 1497 medicamenta
1151 1457 1288 1512 aptus
1334 1453 1406 1497 sit.
1482 1451 1574 1498 Sed
1619 1451 1771 1512 dispo·

173 1520 352 1565 suimus
382 1520 431 1565 in
461 1519 730 1566 huiusmodi
760 1519 902 1567 rebus
933 1522 1246 1582 potentiorem
1286 1535 1399 1567 usus
1437 1523 1667 1567 rationem
1700 1535 1770 1567 se-

173 1590 274 1650 qui3
306 1595 528 1650 expertus
559 1592 682 1635 enim
715 1591 914 1652 quisque
946 1590 1186 1651 intelleget
1207 1590 1445 1637 stomacho
1470 1605 1657 1652 quoque
1680 1590 1768 1637 hoc
1792 1605 1834 1635 20

172 1658 562 1706 medicamentum
602 1661 770 1706 eximie
807 1660 1046 1721 prodesse.
1102 1660 1344 1707 Remediat
1382 1661 1505 1706 enim
1537 1675 1629 1723 eos,
1669 1662 1768 1721 qui-

171 1727 260 1775 bus
306 1729 579 1790 frequenter
621 1731 846 1776 inacescit
891 1730 1045 1792 cibus,
1091 1736 1137 1776 et
1175 1744 1275 1793 eos,
1321 1731 1400 1790 qui
1439 1730 1664 1777 stomachi
1700 1732 1768 1776 in·

171 1797 440 1845 flationibus
478 1806 707 1861 urgentur
745 1800 816 1846 vel
854 1800 1092 1847 doloribus
1131 1806 1356 1846 vexantur
1394 1799 1587 1846 adsidue
1619 1807 1666 1846 et
1696 1799 1769 1845 vel

171 1874 399 1915 nauseant
435 1868 508 1915 vel
552 1871 693 1916 nimia
734 1869 874 1916 saliva
911 1869 1150 1917 abundant
1186 1869 1259 1915 vel
1295 1869 1449 1916 inedia
1487 1883 1768 1916 consumun-

171 1945 249 1984 tur
295 1939 680 2001 stomachumque
725 1941 789 1986 ita
835 1939 1041 1986 solutum
1084 1939 1277 2002 habent,
1323 1945 1375 1986 ut
1419 1954 1474 1986 ex
1520 1954 1574 1985 eo
1615 1940 1767 1986 varios
1790 1951 1831 1984 25

170 2007 378 2069 liquores
425 2008 621 2055 subinde
667 2011 865 2056 reiciant
909 2011 1228 2057 consentiente
1276 2011 1447 2071 capite,
1492 2015 1545 2056 ut
1588 2009 1767 2055 nullum

170 2092 319 2138 genus
357 2078 450 2124 cibi
487 2081 728 2126 continere
763 2081 959 2142 possint.

312 2148 429 2195 Item
467 2149 523 2195 ad
563 2149 703 2196 bilem
740 2157 886 2196 atram
924 2157 1217 2211 generantes,
1255 2162 1371 2210 quos
1408 2147 1766 2194 melancholicos

171 2224 352 2281 vocant,
389 2219 507 2265 bene
546 2219 676 2282 facit3
714 2226 900 2280 oportet
937 2228 1092 2266 autem
1130 2233 1223 2265 non
1254 2216 1602 2264 continentibus
1637 2217 1766 2264 cibos

172 2289 429 2335 secundnm
454 2291 678 2336 vomitum
702 2291 917 2351 protinus
941 2289 1042 2336 oleo
1067 2289 1308 2350 perunctis
1333 2293 1379 2334 et
1402 2287 1578 2334 diutius
1602 2302 1764 2348 presse
1788 2301 1830 2331 30

170 2358 348 2405 fricatis
394 2359 493 2405 dari
539 2359 867 2406 medicamenti
913 2360 1155 2406 denarium
1199 2371 1344 2404 unum
1385 2371 1441 2402 ex
1479 2371 1625 2418 aquae
1664 2372 1764 2418 cya-

170 2427 264 2474 this
305 2428 468 2492 tribus,
507 2430 674 2476 deinde
713 2435 842 2476 artus
881 2444 1044 2476 eorum
1081 2429 1402 2487 constringere
1445 2435 1491 2473 et
1527 2427 1765 2473 interdum

171 2497 424 2545 olfactoriis
468 2499 662 2546 reficere
705 2506 751 2546 et
788 2498 1249 2546 commanducatione
1288 2497 1512 2542 olivarum
1550 2503 1763 2543 contusa-

171 2581 275 2613 rum
308 2583 561 2630 earumque
591 2583 766 2631 rerum,
797 2583 915 2629 quae
940 2567 1228 2615 stomachum
1253 2567 1575 2627 constringere
1599 2566 1763 2628 solent,

172 2636 443 2684 suberectos
474 2638 849 2700 recubantesque
874 2638 1018 2700 alere3
1048 2636 1214 2683 deinde
1243 2636 1325 2682 ubi
1348 2636 1617 2700 deiecerint,
1642 2635 1761 2682 solu-
1785 2648 1826 2680 35

313 2790 362 2827 17
394 2785 513 2828 lenia
544 2787 739 2829 Scribon.
855 2791 906 2828 33
939 2784 1183 2828 olfactariis
1217 2783 1466 2827 Commius.
