1930 3008
766 109 1142 159 —273—

155 253 212 286 ex
241 239 347 284 vino
373 236 579 299 Signin0,
611 238 651 282 si
678 237 860 283 sincere
884 250 1056 298 corpus
1079 236 1235 298 fuerit,
1259 236 1409 284 detur.
1461 236 1559 284 Hoc
1583 237 1747 284 efficax

155 307 546 355 medicamentum
568 312 652 367 est,
676 307 717 353 si
740 312 910 368 cetera,
933 320 1050 367 quae
1074 307 1123 352 in
1146 305 1416 353 huiusmodi
1438 307 1592 352 causis
1616 321 1748 353 cura-

155 378 273 424 tioni
301 376 371 422 vel
403 375 578 423 cibatui
608 382 718 422 sunt
747 377 1024 437 necessaria,
1056 375 1379 422 observatione
1404 381 1450 422 et
1475 377 1747 437 opportuni·

117 506 119 509 .
154 454 248 493 tate
286 459 493 506 congrua
529 445 654 492 fiant.

111 532 132 563 5
294 515 526 577 Pastillus,
558 516 639 576 qui
669 514 886 576 clysterio
916 516 1168 562 inmittitur
1192 516 1460 561 torminosis
1484 529 1569 576 per
1592 529 1747 578 anum,
1778 524 1805 561 4

154 599 261 632 cum
298 584 419 631 olida
456 590 503 630 et
539 584 895 644 sanguinulenta
934 584 1156 646 deiciunt,
1192 584 1239 631 id
1277 590 1349 631 est
1386 599 1493 631 cum
1526 586 1748 631 intestina

154 669 318 701 eorum
355 667 524 700 cancer
561 655 816 715 occupavit,
855 668 947 714 quo
987 655 1119 715 quasi
1157 656 1364 700 cauterio
1402 660 1516 701 tunc
1546 660 1748 701 tantum-

154 723 290 770 modo
322 725 392 770 uti
421 728 619 784 oportet,
649 722 824 783 alioqui
853 730 1005 784 nocet,
1035 723 1234 784 ideoque
1267 738 1291 769 a
1316 723 1596 785 quibusdam
1619 725 1748 784 igno-

154 792 366 839 rantibus
403 798 658 852 usurpatus
696 799 943 838 accusatur
980 794 1115 852 quasi
1152 794 1359 854 nocivus,
1396 795 1564 854 recipit
1594 799 1750 839 autem

92 881 132 910 10
154 862 292 908 haec:
352 861 548 907 Chartae
600 861 853 907 conbustae
905 862 1078 908 cineris
1131 861 1171 907 X
1224 860 1376 923 XXX,
1429 862 1569 908 calcis
1620 864 1749 908 vivae

155 931 194 977 X
231 930 415 992 XXIIII,
453 932 668 992 arrenici,
706 931 830 992 quod
869 938 941 977 est
977 932 1386 993 auripigmentum,
1423 930 1464 976 X
1501 930 1607 993 XII,
1646 945 1748 978 san·

155 1001 349 1047 daracae
378 999 418 1046 X
448 999 519 1047 VI.
577 999 701 1046 Haec
732 1002 841 1046 trita
871 1001 978 1046 vino
1010 1006 1400 1062 consparguntur,
1437 1002 1487 1046 in
1517 1015 1609 1062 quo
1635 996 1749 1047 'rosa

155 1078 202 1116 et
245 1070 465 1116 lenticula
509 1071 641 1130 prius
688 1077 976 1132 coquuntur,
1024 1076 1077 1116 ut
1120 1071 1303 1131 possint
1347 1071 1450 1116 fieri
1492 1069 1663 1131 pastilli
1710 1069 1750 1116 X

156 1139 301 1186 duum
339 1146 418 1186 aut
454 1141 616 1201 unius3
657 1153 764 1185 cum
802 1153 919 1200 opus
958 1145 1049 1200 est,
1086 1140 1257 1186 teritur
1293 1153 1415 1186 unus
1453 1139 1666 1200 pastillus
1705 1145 1752 1185 et

93 1226 134 1257 15
157 1210 411 1255 inmittitur
454 1223 539 1269 per
583 1223 770 1270 aquam,
822 1214 875 1255 ut
923 1223 1065 1269 supra
1108 1210 1337 1269 scriptum
1381 1215 1466 1270 est,
1511 1209 1752 1255 decoctam

157 1292 264 1325 cum
301 1292 407 1324 rosa
445 1284 492 1324 et
521 1277 754 1339 lenticula,
792 1278 833 1324 si
870 1277 1025 1324 febres
1057 1284 1210 1339 erunt,
1248 1279 1321 1323 sin
1351 1279 1520 1340 minus,
1558 1292 1616 1324 ex
1647 1279 1752 1324 vino

157 1347 317 1394 eadem
363 1347 555 1393 decocta
599 1347 731 1394 utilia
775 1354 927 1394 erunt.
992 1346 1124 1394 Facit
1161 1346 1278 1393 bene
1317 1354 1365 1393 et
1400 1353 1578 1409 myrtae
1616 1347 1753 1394 fasci-

157 1417 289 1464 culus
327 1430 435 1463 cum
472 1416 662 1463 oleastri
691 1415 763 1462 vel
793 1416 938 1463 olivae
969 1417 1161 1463 ramulis
1193 1422 1395 1478 utroque
1426 1417 1578 1478 modo,
1614 1422 1755 1478 prout

157 1500 234 1533 res
272 1487 494 1548 exegerit,
530 1487 759 1533 incoctus.

94 1572 136 1603 20
297 1555 430 1601 Potio
468 1562 637 1617 autem,
676 1569 783 1602 cum
820 1556 1067 1602 inmissum
1104 1555 1247 1601 suerit
1277 1569 1418 1616 supra
1449 1555 1626 1602 dictum
1661 1569 1754 1601 me·
1787 1563 1811 1600 5

156 1625 484 1687 dicamentum,
520 1625 635 1671 haec
673 1626 901 1671 convenit.
967 1624 1019 1671 In
1057 1631 1244 1671 noctem
1281 1626 1329 1671 in
1367 1639 1485 1685 aqua
1524 1626 1753 1685 catapotia

156 1695 340 1756 dantur,
378 1708 495 1755 quae
526 1694 645 1740 fiunt
675 1696 764 1740 sic:
801 1694 982 1755 Myrrae
1013 1693 1053 1740 X
1082 1693 1137 1756 II,
1174 1694 1283 1755 lycii
1313 1693 1354 1739 X
1384 1694 1461 1756 III,
1499 1696 1620 1740 turis
1651 1693 1690 1739 X
1719 1693 1753 1756 I,

157 1765 234 1824 opi
264 1763 303 1809 X
334 1763 367 1825 I,
405 1763 528 1809 aloes
560 1763 599 1809 X
628 1763 683 1825 ΙΙ,
720 1765 901 1810 acaciae
933 1762 972 1809 X
1000 1763 1099 1825 IIII,
1137 1769 1314 1825 myrtae
1346 1763 1567 1810 bacarum
1597 1765 1751 1823 nigra·

158 1847 263 1879 rum
300 1832 340 1878 X
370 1832 448 1894 VI,
494 1847 688 1878 ovorum
733 1847 789 1878 ex
833 1839 964 1879 aceto
1006 1839 1250 1880 coctorum
1286 1833 1466 1879 vitellos
1505 1832 1559 1879 11.
1627 1832 1751 1879 Haec

94 1918 135 1950 25
159 1904 268 1948 trita
306 1903 411 1948 vino
445 1901 723 1948 Surrentino
755 1908 1130 1963 consparguntur
1161 1909 1208 1948 et
1238 1903 1358 1948 fiunt
1387 1902 1558 1964 pastilli
1588 1901 1629 1948 X
1660 1903 1751 1948 sin·

159 1971 395 2033 gulorum,
441 1971 610 2017 dantur
654 1971 1029 2018 febricitantibus
1075 1986 1133 2018 ex
1177 1986 1323 2032 aquae
1369 1971 1547 2034 cyathis
1585 1971 1753 2032 tribus,

160 2042 260 2087 sine
298 2040 442 2103 febre,
479 2054 535 2086 ex
574 2043 715 2087 musti
753 2041 1019 2087 Surrentini
1055 2041 1234 2102 cyathis
1271 2041 1468 2088 duobus.

300 2110 367 2155 Ad
391 2111 568 2156 ventrIS
592 2110 799 2156 dolorem
823 2117 870 2156 et
892 2110 1176 2156 inflationem
1199 2112 1530 2157 intestinorum
1554 2116 1601 2156 et
1623 2124 1753 2171 prae·
1789 2120 1813 2156 6

162 2180 428 2226 cordiorum
466 2179 650 2225 dolores
689 2186 736 2225 et
772 2179 828 2225 ad
859 2180 1078 2226 convulsa
1109 2186 1156 2227 et
1185 2186 1324 2240 rupta
1352 2182 1591 2226 interanea
1623 2186 1670 2225 et
1700 2178 1757 2224 ad

99 2264 140 2295 30
163 2250 325 2295 urinae
363 2248 683 2295 difficultatem
720 2249 980 2295 remedium
1018 2251 1106 2295 sic:
1148 2248 1342 2295 Panacis
1380 2248 1546 2310 XIIII,
1584 2250 1760 2309 piperis

164 2318 204 2364 X
234 2318 337 2380 1111,
383 2317 519 2364 dauci
563 2317 735 2364 Cretici
779 2318 950 2364 radicis
994 2318 1067 2364 vel
1112 2320 1304 2364 seminis
1350 2318 1389 2365 X
1428 2318 1510 2381 VI,
1555 2317 1762 2379 sulpuris

166 2389 256 2433 vivi
299 2387 339 2433 X
378 2386 429 2449 S,
475 2389 570 2448 opii
615 2387 729 2434 duas
775 2389 996 2434 tertiasve
1041 2394 1199 2449 partes
1244 2389 1479 2435 victoriati
1526 2387 1763 2449 ponderis,

168 2458 367 2502 castorei
403 2456 443 2502 X
475 2456 527 2518 S,
571 2471 753 2518 myrrae
790 2456 831 2502 X
861 2457 936 2503 111.
1002 2456 1126 2503 Haec
1171 2458 1280 2503 trita
1331 2463 1378 2503 et
1415 2456 1618 2504 cribrata
1655 2457 1763 2502 vino

169 2532 542 2586 consparguntur
580 2532 626 2572 et
662 2541 718 2573 ex
756 2526 830 2573 his
867 2527 986 2573 fiunt
1021 2526 1194 2587 pastilli
1231 2526 1564 2588 magnitudinis
1599 2525 1764 2586 lupini.

314 2690 340 2726 4
371 2687 681 2738 oportunitate.
769 2693 793 2730 8
823 2688 890 2729 uti
920 2687 1114 2742 oportet]
1144 2686 1418 2741 uitioportet.
1508 2691 1558 2730 15
1590 2688 1658 2730 est
1686 2699 1765 2730 om.

178 2746 228 2783 16
259 2741 528 2782 lenticulam.
651 2748 703 2784 30
735 2743 897 2797 piperis
927 2742 969 2784 X
999 2743 1079 2784 IIII
1109 2755 1187 2785 om.

260 2817 517 2859 MAchLnus,
540 2827 602 2850 ΕΒ.
624 2821 806 2851 Hzmmm
814 2828 871 2851 cn.
1465 2816 1515 2853 18
