1930 3008
106 895 160 933 46

112 1382 164 1419 47

111 2010 165 2047 48

99 2636 158 2673 49

807 159 866 166 -
943 129 1184 181 374-

192 257 390 319 pedibus
429 258 647 320 adpones.
687 258 814 305 Bene
852 259 962 305 facit
999 263 1046 304 et
1078 257 1215 304 ibisci
1244 257 1376 304 radix
1407 273 1462 304 ex
1493 272 1611 319 aqua
1639 253 1790 306 mulsa

194 334 324 374 cocta
355 335 401 374 et
431 329 655 391 inposita;
694 327 967 375 sambucum
1000 341 1186 388 quoque
1219 342 1325 374 cum
1355 329 1554 388 axungia
1584 334 1632 375 et
1662 327 1789 375 bras-

193 399 316 444 sicae
363 399 481 444 cinis
526 413 633 445 cum
679 400 876 459 axungia
920 398 1152 458 inpositus
1196 397 1450 458 plurimum
1494 399 1635 444 iuvat.
1678 395 1789 444 'Ubi

193 473 348 513 autem
393 468 596 528 impetus
639 469 910 528 cessaverit,
957 473 1002 513 et
1039 468 1089 512 in
1125 466 1215 513 hoc
1253 474 1300 513 et
1340 469 1387 513 in
1425 469 1580 529 priore
1618 482 1790 528 genere

191 537 422 598 podagrae
473 537 619 583 calida
665 552 782 598 aqua
827 538 1003 583 marina
1049 536 1129 583 diu
1167 537 1353 583 fovendi
1390 543 1499 584 sunt
1535 537 1679 598 pedes
1715 537 1831 585 vela

193 607 233 652 si
263 606 378 653 haec
410 621 502 652 non
534 608 638 669 erit,
668 621 786 667 aqua
816 621 934 668 pura
966 606 1165 654 ferventi
1197 606 1290 653 sale
1315 607 1493 654 adiecto
1525 607 1789 670 foveantur3

190 683 298 737 post
341 675 431 722 hoc
476 676 747 738 malagmate
791 679 858 723 uti
896 682 1101 739 oportet,
1147 676 1270 737 quod
1309 677 1364 724 ad
1402 677 1637 738 parotidas
1677 678 1790 723 scri-

189 751 323 806 ptum
362 751 453 808 est,
491 746 611 793 tollit
648 748 773 793 enim
811 748 903 793 cito
942 746 1161 807 reliquias
1199 747 1430 808 podagrae
1468 761 1552 807 per
1594 747 1790 793 sudores

191 821 238 861 et
282 816 330 861 in
376 815 587 862 futurum
629 817 873 863 confirmat
910 830 1078 862 nervos
1117 831 1202 862 nee
1239 819 1415 877 patitur
1452 816 1584 863 facile
1622 818 1788 863 vitiari.

333 885 401 931 Ad
439 885 710 932 utramlibet
747 886 998 947 podagram
1036 886 1294 932 remedium
1335 889 1422 933 sic:
1476 886 1789 947 Torpedinem
1813 903 1854 934 10

191 955 341 1001 vivam
371 956 566 1018 nigram,
607 970 712 1002 cum
745 955 1039 1002 admonuerit
1070 955 1215 1017 dolor,
1246 955 1396 1003 subici
1424 956 1624 1018 pedibus
1655 970 1790 1017 opor-

190 1031 258 1071 tet
295 1026 343 1070 in
382 1024 518 1071 litore
557 1040 649 1071 non
689 1027 829 1088 sicco,
869 1026 949 1071 sed
989 1025 1111 1086 quod
1149 1025 1296 1072 adluit
1327 1040 1468 1087 mare,
1507 1033 1554 1072 et
1585 1033 1677 1073 tam
1710 1025 1789 1072 diu

188 1096 354 1156 premi,
392 1094 540 1141 donec
579 1096 812 1142 sentiatur
850 1102 1012 1156 torpor
1049 1109 1133 1155 per
1171 1101 1320 1141 totum
1355 1095 1521 1156 pedem
1553 1101 1600 1142 et
1630 1095 1791 1142 tibiam

189 1178 340 1224 usque
378 1164 435 1210 ad
473 1177 638 1224 genua.
695 1164 794 1210 Hoc
833 1170 878 1211 et
915 1166 963 1210 in
1000 1166 1236 1226 praesenti
1273 1164 1395 1211 tollit
1425 1165 1633 1211 dolorem
1664 1172 1711 1212 et
1741 1166 1790 1211 in

190 1233 403 1279 futurum
457 1234 696 1281 remediat.
764 1233 862 1280 Hoc
911 1234 1047 1280 modo
1093 1235 1292 1280 Anteros
1338 1234 1548 1282 Caesaris
1592 1235 1790 1282 libertus
1814 1250 1853 1282 15

190 1317 334 1363 supra
372 1302 511 1349 fidem
549 1304 833 1350 remediatus
872 1310 955 1350 est.

337 1372 562 1433 Malagma
599 1373 947 1421 Narcissianum
993 1374 1048 1419 ad
1090 1380 1336 1435 utramque
1374 1374 1623 1436 podagram
1663 1389 1791 1435 egre-

195 1443 346 1503 gium:
371 1442 514 1489 Cerae
538 1443 693 1504 pondo
710 1443 764 1506 ΙΙ,
788 1445 970 1490 resinae
993 1443 1148 1504 pondo
1165 1443 1214 1506 V,
1231 1444 1320 1490 olei
1338 1446 1510 1491 veteris
1525 1444 1678 1505 pondo
1695 1443 1791 1507 VS,

196 1511 287 1558 olei
320 1512 498 1574 Syriaci
528 1513 681 1574 pondo
713 1513 733 1559 Ι
758 1513 802 1575 S,
841 1513 1099 1575 aphronitri
1130 1515 1178 1559 in
1209 1513 1406 1574 pastillis
1435 1514 1590 1575 pondo
1621 1514 1654 1576 I,
1692 1528 1789 1561 ear·

196 1581 398 1628 damomi
436 1584 543 1643 puri
581 1583 737 1644 pondo
774 1598 934 1645 unum,
971 1585 1055 1630 iris
1088 1583 1295 1645 Illyricae
1334 1584 1487 1645 pondo
1525 1598 1684 1647 unum,
1721 1585 1788 1645 pi·
1812 1599 1853 1629 20

194 1651 326 1698 culae
364 1652 520 1713 pondo
560 1653 592 1715 I,
631 1654 803 1714 agarici
837 1653 991 1714 pondo
1028 1653 1061 1715 I,
1100 1653 1393 1713 faenograeei
1429 1653 1582 1714 pondo
1613 1653 1646 1715 1,
1683 1668 1788 1700 cen-

194 1723 346 1768 taurei
378 1722 532 1783 pondo
557 1722 589 1785 l,
627 1723 907 1784 Apollinaris
930 1723 1084 1783 pondo
1107 1723 1141 1785 l,
1173 1722 1335 1769 alterei
1356 1723 1511 1784 pondo
1535 1723 1567 1770 1.
1605 1722 1788 1784 Coques

193 1791 437 1854 liquanda3
476 1806 593 1853 quae
633 1800 742 1840 sunt
772 1793 1024 1855 tundenda,
1061 1794 1109 1838 in
1138 1792 1376 1854 pulverem
1407 1793 1593 1840 redacta
1625 1794 1788 1840 misce-

193 1860 266 1907 bis
305 1868 444 1923 atque
483 1876 538 1908 ex
576 1862 650 1909 his
687 1862 896 1924 pastillos
932 1863 1074 1909 facies
1106 1869 1152 1908 et
1182 1864 1228 1908 in
1262 1877 1398 1924 capsa
1428 1878 1545 1910 nova
1575 1877 1788 1925 reponeS,

195 1929 365 1992 quibus
404 1931 569 1978 diebus
608 1933 771 1993 viginti
807 1934 980 1993 iugiter
1016 1934 1176 1981 uteriS.
1811 1947 1852 1977 25

338 2000 583 2064 Malagma,
629 2003 752 2063 quod
800 2009 844 2049 et
890 2003 944 2048 ad
991 2002 1240 2063 podagram
1285 2009 1331 2049 et
1374 2003 1428 2049 ad
1474 2017 1656 2049 omnem
1698 2001 1789 2049 eol-

194 2069 443 2116 lectionem
489 2070 608 2117 bene
654 2072 782 2134 facit,
828 2074 996 2133 accipit
1032 2072 1167 2119 haec:
1219 2072 1506 2119 Ammoniaci
1542 2074 1702 2119 uncias
1739 2071 1789 2134 V,

197 2139 381 2200 galbani
425 2143 589 2187 uncias
626 2141 687 2203 II,
732 2144 851 2203 picis
896 2142 1039 2188 durae
1076 2142 1230 2203 pondo
1261 2141 1318 2204 V,
1362 2144 1543 2188 resinae
1586 2141 1789 2188 terebin-

195 2209 354 2256 thinae
393 2210 441 2257 P.
472 2210 533 2273 Il,
573 2210 662 2257 olei
699 2213 870 2258 veteris
908 2211 956 2258 P.
988 2211 1007 2257 Ι
1039 2211 1091 2275 S,
1128 2213 1353 2273 axungiae
1391 2217 1598 2258 vetustae
1635 2211 1681 2257 P.
1714 2211 1789 2274 111,

194 2294 328 2326 cerae
375 2279 424 2327 P.
463 2280 519 2341 V,
566 2281 805 2342 sulphuris
846 2283 935 2327 vivi
979 2282 1132 2342 pondo
1170 2281 1218 2328 V.
1289 2281 1412 2328 Haec
1457 2282 1607 2328 omnia
1654 2282 1851 2328 deco-ao

194 2363 310 2409 ques
348 2351 396 2395 in
435 2350 603 2410 patella
634 2351 765 2397 fictili
796 2351 866 2397 vel
897 2351 1094 2398 caccabo
1126 2351 1368 2414 ampliore3
1407 2351 1602 2412 sulphur
1633 2357 1787 2397 tamen

192 2426 239 2464 et
285 2421 625 2466 ammoniacum
678 2427 808 2467 extra
853 2427 978 2467 teres
1024 2429 1070 2468 et
1114 2423 1182 2468 sic
1226 2421 1514 2483 inmiscebis,
1559 2435 1666 2467 cum
1711 2421 1787 2467 de-

193 2502 399 2548 coquere
439 2491 674 2553 coeperis,
714 2491 793 2537 sed
833 2490 1028 2551 agitabis
1066 2493 1313 2552 instanter,
1363 2505 1419 2536 ne
1459 2490 1702 2538 subsidant
1738 2492 1787 2537 in

195 2557 355 2619 fundo,
395 2573 512 2619 quae
552 2561 600 2606 in
638 2560 879 2620 pulverem
917 2561 1101 2607 redacta
1140 2562 1404 2607 mittuntur.

331 2628 571 2675 Confectio
618 2630 958 2693 medicaminis,
1004 2630 1127 2691 quod
1173 2629 1431 2691 appellatur
1473 2629 1630 2693 hygia,
1676 2630 1785 2676 facit
1808 2642 1848 2674 35

334 2780 384 2817 16
416 2788 546 2829 supra
576 2777 725 2832 fidem]
759 2791 891 2831 supra
920 2777 1188 2820 hereditates
1218 2777 1414 2822 Sco-ibon.
