1898 3016
779 75 1190 124 —90—·

157 204 330 248 simum
368 201 557 248 redacta
594 217 711 264 aqua
749 202 939 263 pluviali
976 202 1166 263 colliges
1207 207 1254 249 et
1290 202 1476 265 collyria
1514 205 1623 251 inde
1660 206 1750 252 for-

76 281 153 318 195
165 272 326 334 mabis,
366 286 483 333 quae
513 273 562 318 in
593 272 759 319 umbra
789 274 1038 319 siccentur.
1096 271 1348 333 Collyrium
1377 276 1564 321 nomine
1594 289 1750 322 mone-

158 356 321 388 meron
360 342 471 388 facit
508 342 564 388 ad
602 344 805 403 impetus
842 342 1135 403 lippitudinis
1173 357 1229 388 ex
1267 357 1352 388 ovo
1390 345 1649 406 inunctum,
1686 346 1749 391 ita

158 418 210 458 ut
241 426 347 458 cum
380 413 453 458 ovi
483 411 794 472 liquidissimo
826 413 1071 458 inunxeris
1099 411 1386 475 lippientem,
1423 413 1645 475 pusillum
1676 429 1750 460 su-

158 483 328 528 stineat
372 487 419 528 et
462 483 634 528 iterum
679 496 786 527 eum
831 482 1084 544 inungues;
1130 496 1267 542 quem
1309 498 1416 529 cum
1454 483 1526 529 bis
1563 489 1643 530 aut
1678 490 1793 530 ter5

156 553 422 613 inunxeris,
461 551 622 597 eadem
659 551 733 597 die
771 551 956 597 iubebis
993 551 1148 598 lavari.
1220 551 1318 599 Hoc
1363 553 1606 614 collyrium
1643 553 1753 600 facit

157 621 213 668 ad
252 621 596 667 scabritudines
634 627 680 668 et
717 621 950 667 diatheses
988 621 1213 668 tollendas
1251 637 1305 668 ex
1344 637 1461 683 aqua
1492 625 1752 686 inunctum,

157 693 327 751 recipit
358 697 513 737 autem
543 691 680 737 haec:
717 690 904 752 Lapidis
942 691 1204 738 haematitis
1234 691 1275 737 X
1305 691 1402 754 XII,
1431 692 1753 754 pompholygis

157 760 197 806 X
229 760 327 822 XII,
366 763 493 807 croci
530 760 570 806 X
601 759 698 823 XII,
735 775 918 822 myrrae
958 760 996 807 X
1028 759 1126 823 XII,
1164 763 1285 807 aeris
1323 763 1418 808 usti
1448 761 1488 807 X
1513 762 1582 824 VI,
1620 762 1755 808 nardi

158 830 336 892 Syriaci
373 830 413 876 X
445 830 542 893 XII,
579 832 756 892 piperis
794 830 887 876 albi
923 845 1063 891 grana
1101 830 1199 894 XX,
1237 833 1333 892 opii
1370 831 1407 877 X
1442 831 1513 894 Vl,
1551 833 1753 893 gummis
1781 845 1822 875 ιο

158 900 197 946 X
229 900 364 947 VIIII.
423 900 548 946 Haec
586 902 803 947 universa
840 902 888 946 in
926 901 1166 961 pulverem
1201 903 1529 948 tenuissimum
1566 902 1754 948 redacta

157 978 319 1031 postea
350 985 455 1016 cum
488 970 684 1016 Falerno
715 972 821 1017 vino
853 976 1068 1017 conteres
1092 979 1230 1031 atque
1254 971 1362 1017 inde
1387 971 1574 1032 collyria
1599 972 1754 1034 facies,

75 1046 154 1084 196
167 1055 285 1101 quae
317 1040 397 1086 diu
420 1041 468 1086 in
494 1040 659 1086 umbra
683 1042 933 1087 siccentur.
982 1040 1234 1101 Collyrium
1257 1041 1331 1087 dia
1354 1040 1543 1087 libanon
1567 1041 1623 1087 ad
1647 1056 1754 1102 sup-

159 1111 431 1170 purationes
462 1109 704 1156 oculorum
736 1111 986 1156 conficitur
1017 1112 1104 1157 sic:
1144 1110 1358 1167 Cadmiae
1388 1110 1428 1156 X
1460 1110 1506 1174 S,
1537 1125 1754 1157 cerussae

158 1179 199 1225 X
229 1179 290 1241 II,
329 1181 424 1239 opii
460 1179 500 1225 X
531 1179 572 1241 I,
610 1181 811 1240 gummis
849 1179 888 1225 X
921 1180 972 1242 S,
1010 1194 1144 1226 rosae
1183 1182 1333 1226 siccae
1371 1180 1412 1226 X
1442 1179 1475 1242 I,
1512 1182 1754 1241 gentianae
1783 1192 1821 1224 15

158 1248 198 1294 X
231 1249 283 1311 S3
319 1249 561 1309 pulverem
591 1251 918 1296 tenuissimum
957 1263 1013 1295 ex
1050 1249 1124 1295 his
1161 1250 1335 1296 factum
1370 1265 1477 1296 cum
1508 1265 1624 1311 aqua
1655 1249 1755 1311 plu-

74 1325 152 1362 197
166 1319 272 1365 viali
314 1326 439 1365 teres
485 1324 532 1365 et
572 1321 635 1365 ita
674 1318 863 1380 collyria
902 1319 1052 1380 qualia
1090 1319 1292 1366 volueris
1330 1320 1536 1380 effinges.
1609 1319 1755 1381 Colly-

159 1390 282 1435 rium
321 1389 394 1435 dia
432 1388 612 1449 lepidos
650 1391 818 1450 accipit
854 1389 990 1436 haec:
1043 1389 1181 1436 Croci
1218 1389 1257 1435 X
1286 1389 1390 1452 1111,
1430 1391 1584 1450 spicae
1622 1390 1757 1436 nardi

158 1458 199 1504 X
229 1458 287 1519 V,
325 1459 531 1505 cadmiae
570 1459 609 1504 X
639 1459 660 1505 I
692 1459 743 1520 S,
788 1459 1113 1505 haematitidos
1151 1459 1191 1504 X
1221 1459 1261 1521 I,
1306 1461 1482 1520 piperis
1527 1474 1668 1520 grana
1705 1459 1756 1522 V,

160 1543 342 1590 myrrae
375 1528 414 1574 X
443 1528 476 1592 Ι,
507 1530 629 1574 aeris
660 1531 756 1575 usti
785 1529 824 1574 X
857 1528 901 1591 S,
932 1529 1110 1589 lepidae
1143 1529 1239 1590 XI,
1269 1531 1470 1590 gummis
1494 1529 1590 1590 XI,
1621 1544 1754 1576 rosae
1779 1543 1820 1573 20

159 1598 320 1644 viridis
359 1598 576 1645 foliorum
613 1605 918 1660 purgatorum
956 1598 996 1644 X
1025 1599 1086 1661 113
1123 1599 1252 1662 haec,
1290 1605 1343 1645 ut
1380 1614 1522 1659 supra
1559 1599 1615 1645 de
1654 1599 1755 1646 aliis

160 1667 363 1729 collyriis
410 1670 639 1728 scriptum
686 1674 776 1730 est,
824 1670 932 1715 trita
977 1683 1094 1729 aqua
1140 1668 1330 1729 pluviali
1374 1668 1564 1729 subiges
1602 1674 1648 1715 et
1692 1671 1754 1715 ita

72 1742 155 1780 198
167 1737 356 1799 collyria
394 1738 630 1785 formabis.
679 1738 930 1800 Collyrium
962 1739 1018 1784 ad
1048 1738 1352 1799 lippitudines
1391 1746 1437 1785 et
1466 1740 1642 1799 primos
1672 1740 1755 1784 im-

159 1814 296 1868 petus
335 1808 578 1854 oculorum
609 1809 856 1855 conficitur
887 1810 974 1855 sic:
1012 1809 1205 1854 Acaciae
1236 1808 1276 1854 X
1305 1808 1360 1871 X,
1398 1809 1602 1855 cadmiae
1633 1823 1755 1855 com-

159 1877 323 1924 bustae
363 1883 410 1924 et
447 1878 504 1924 de
541 1878 660 1925 lacte
699 1893 905 1939 capruno
937 1884 1017 1925 aut
1046 1878 1278 1941 muliebri,
1317 1878 1440 1939 quod
1472 1877 1639 1924 melius
1671 1885 1754 1940 est,
1780 1892 1820 1923 25

159 1950 391 1993 extinctae
430 1954 476 1994 et
512 1954 679 1994 tunsae
716 1955 763 1995 et
792 1948 1024 1995 cribratae
1057 1954 1103 1994 et
1132 1948 1253 1994 lotae
1284 1948 1417 2010 bene,
1456 1948 1605 1994 donec
1637 1962 1755 2009 aqua

160 2019 261 2063 eius
297 2017 488 2078 limpida
527 2020 599 2079 sit,
637 2018 677 2064 X
709 2017 762 2066 X.
823 2017 922 2064 Hoc
961 2033 1147 2079 quoque
1184 2018 1373 2078 pluviali
1410 2032 1529 2078 aqua
1566 2017 1755 2078 colliges

72 2091 215 2133 199et
250 2089 314 2133 ita
352 2087 539 2148 collyria
577 2088 814 2134 formabis.
874 2088 1126 2149 Collyrium
1164 2088 1237 2134 dia
1267 2089 1452 2150 misyOS,
1491 2087 1614 2148 quod
1646 2088 1756 2133 facit

160 2157 214 2203 ad
262 2157 579 2218 aspritudines
624 2158 868 2204 oculorum
912 2158 1140 2205 tollendas
1191 2164 1237 2204 et
1281 2157 1336 2203 ad
1382 2157 1596 2203 lacrimas
1648 2156 1754 2203 sub-

159 2227 470 2287 stringendas,
510 2230 791 2289 conponitur
822 2230 910 2274 sic:
946 2227 1063 2289 Misy
1095 2227 1327 2274 conbures
1357 2226 1445 2272 hoc
1479 2241 1623 2288 more,
1660 2229 1752 2273 coi·
1780 2240 1819 2271 30

160 2298 256 2343 cies
297 2296 414 2343 illud
460 2299 508 2343 in
549 2297 805 2358 pultarium
844 2304 890 2344 et
927 2297 1150 2358 purgabis
1188 2304 1234 2343 et
1270 2299 1319 2342 in
1356 2297 1546 2342 furnum
1583 2298 1755 2357 mittes,

158 2374 211 2412 ut
248 2372 342 2412 tam
381 2367 463 2413 diu
501 2374 744 2428 coquatur,
783 2368 931 2414 donec
971 2369 1032 2413 sit
1070 2369 1389 2427 sanguineum.
1454 2365 1605 2412 Huius
1643 2380 1754 2427 ergo
1804 2408 1810 2412 .

160 2435 200 2480 X
231 2436 280 2497 V,
328 2439 481 2496 spicae
527 2437 663 2483 nardi
700 2437 739 2483 X
770 2437 827 2499 V,
871 2438 999 2483 croci
1045 2436 1174 2498 XII,
1219 2436 1425 2482 cadmiae
1463 2435 1503 2481 X
1536 2435 1587 2498 S,
1634 2437 1756 2482 aeris

160 2507 257 2552 usti
294 2505 333 2551 X
366 2507 418 2569 S,
464 2509 559 2568 opii
604 2507 643 2553 X
676 2507 728 2569 S,
771 2521 954 2568 myrrae
1000 2505 1039 2552 X
1073 2505 1124 2568 S,
1170 2505 1350 2566 lepidae
1397 2505 1592 2566 Cypriae
1637 2504 1676 2551 X
1710 2505 1754 2566 S,

272 2671 299 2707 4
328 2666 591 2720 inuncxeris,
616 2669 713 2710 item
738 2673 773 2709 6.
843 2673 866 2710 7
891 2667 1118 2709 diathesis.
1193 2671 1242 2709 13
1268 2666 1527 2710 dialibanos.
1596 2670 1649 2708 28
1673 2666 1753 2708 mi-

158 2722 260 2774 εἰοε,
291 2723 389 2765 item
419 2728 486 2765 30.
602 2728 655 2765 32
685 2725 736 2765 ut
765 2736 843 2766 om.
961 2728 1012 2764 33
1044 2722 1157 2765 aeris
1186 2724 1276 2764 usti
1309 2722 1350 2764 X
1382 2723 1409 2765 S
1440 2736 1517 2766 om.
