1898 3016
750 73 1126 125 -209—

137 203 299 249 viridis
328 201 659 249 manducatum
689 203 837 265 iuvat3
875 216 980 248 nam
1018 208 1065 249 et
1095 216 1310 249 somnum
1341 202 1559 250 conciliat
1590 210 1637 250 et
1666 203 1734 250 di-

138 274 396 334 gestionem
433 278 577 333 parat.

278 341 547 402 Conpositio
584 341 904 389 medicaminis
940 341 1159 404 subfragi,
1198 341 1322 403 quod
1360 342 1470 389 facit
1508 342 1563 389 ad
1601 342 1820 404 dige-lol

140 413 337 458 stionem
384 418 430 458 et
474 413 583 459 vitia
629 411 856 458 stomachi
907 412 1003 458 sive
1055 411 1326 474 aqualiculi,
1377 413 1548 473 accipit
1598 411 1735 460 haec:

97 501 118 532 5
139 480 409 528 Petrosilini
437 480 725 528 Macedonici
753 507 809 514 —
838 481 893 544 ΙΙ,
923 483 1014 543 apii
1045 482 1238 528 seminis
1263 507 1324 514 —
1350 481 1384 544 Ι,
1415 481 1572 528 siselei
1597 507 1657 514 —
1684 481 1736 543 V,

138 552 316 612 piperis
355 575 420 583 —
451 550 501 613 V,
539 556 733 612 nepetae
770 557 1017 597 montanae
1059 577 1119 584 ..„
1153 550 1258 612 1111,
1296 551 1423 613 pulei
1459 553 1574 598 sicci
1611 551 1736 612 quod

139 621 188 666 in
226 621 353 667 fumo
390 635 484 667 non
523 621 662 667 fuerit
706 645 764 653 —
798 619 903 682 1111,
941 620 1088 682 thymi
1125 622 1239 668 sicci
1277 622 1586 683 semunciam,
1624 621 1736 683 liby-

140 691 248 736 stici
283 691 421 737 etiam
459 691 650 736 seminis
692 716 751 722 -—
786 689 840 751 ΙΙ,
878 690 1033 736 inulae
1071 690 1243 737 radicis
1280 696 1445 738 tunsae
1476 698 1616 752 atque
1648 691 1736 738 cri-

140 759 299 805 bratae
337 761 638 822 semunciam,
675 759 925 820 zingiberis
956 762 1256 806 semunciam.
1315 760 1385 806 Ex
1413 761 1487 807 his
1518 760 1736 807 omnibus

78 849 120 880 10
141 830 292 876 tunsis
323 835 462 891 atque
493 829 711 876 cribratis
741 828 983 890 pulverem
1012 829 1338 876 mollissimum
1370 830 1527 892 facies,
1563 830 1738 877 adicies

141 898 308 945 deinde
354 899 502 948 mellis
548 900 714 960 optimi
758 898 1021 960 despumati
1065 905 1291 960 quantum
1328 901 1566 961 putaveris
1614 901 1739 946 mitti

142 975 373 1031 oportere,
404 968 451 1015 id
483 975 554 1016 est
584 975 636 1016 ut
668 983 812 1030 prope
840 969 1042 1030 liquidae
1067 983 1120 1015 ac
1147 975 1430 1030 temperatae
1455 968 1611 1030 colligi
1632 983 1738 1030 pos-

143 1039 237 1084 sint
274 1040 455 1099 species
494 1053 634 1099 supra
669 1040 892 1100 scriptae,
931 1044 977 1084 et
1008 1040 1074 1085 sic
1105 1039 1333 1085 recondes
1363 1041 1412 1085 in
1443 1053 1551 1085 vaso
1590 1040 1738 1086 vitreo

144 1112 191 1153 et
221 1122 327 1155 cum
364 1108 567 1155 volueris
604 1109 803 1169 ieiunus,
841 1123 948 1154 cum
979 1114 1134 1155 tamen
1172 1114 1218 1155 te
1254 1109 1488 1170 digestum
1519 1109 1740 1171 senseris,

81 1195 122 1227 ιε
144 1177 325 1238 singula
363 1177 588 1224 coclearia
632 1192 725 1224 non
767 1177 1035 1238 plenissima
1073 1179 1318 1225 matutinis
1356 1178 1485 1224 horis
1523 1179 1738 1239 accipies.

286 1246 524 1294 Confectio
563 1247 865 1309 epithematii‚
904 1247 1026 1308 quod
1067 1247 1292 1294 stomachi
1330 1253 1538 1294 vetustas
1569 1255 1824 1294 causas102

144 1316 360 1363 emendat
397 1323 444 1363 et
474 1317 530 1363 ad
562 1317 870 1378 digestionem
901 1317 1157 1379 confirmat,
1195 1318 1364 1378 accipit
1393 1317 1530 1365 haec:
1569 1317 1742 1364 Sevum

144 1388 401 1449 taurinum,
440 1401 615 1447 ceram,
651 1386 901 1432 medullam
939 1388 1195 1448 cervinam,
1233 1388 1480 1448 axungiam
1518 1393 1742 1450 veterem,

144 1457 347 1502 resinam
384 1455 761 1518 terebinthinam,
798 1455 966 1501 horum
996 1456 1204 1516 pondera
1244 1457 1425 1517 singula
1456 1456 1664 1518 aequalia
1695 1462 1743 1503 et

81 1543 122 1574 20
145 1525 295 1571 mellis
320 1552 385 1559 —
409 1525 484 1588 III,
517 1524 722 1572 masticis
751 1551 807 1558 —
835 1524 898 1571 ΙΙΙ
929 1525 1068 1572 simul
1098 1525 1341 1588 miscebis3
1373 1541 1492 1587 quae
1522 1526 1742 1587 liquanda

145 1595 334 1658 fuerint,
362 1594 563 1657 liquabis
592 1596 690 1656 igni
719 1601 767 1641 et
798 1609 915 1656 quae
945 1595 1198 1658 tundenda,
1228 1597 1275 1642 in
1303 1595 1543 1657 pulverem
1566 1597 1743 1642 tenuis-

146 1666 314 1711 simum
361 1665 546 1726 rediges
591 1672 636 1711 et
681 1665 945 1711 confectum
983 1665 1271 1711 medicamen
1309 1665 1453 1712 linteo
1491 1666 1636 1711 denso
1674 1667 1742 1711 in-

146 1734 290 1781 duces
334 1741 380 1781 et
425 1735 665 1781 stomacho
710 1734 782 1781 vel
826 1734 1085 1781 visceribus
1134 1735 1364 1796 adpones,
1417 1735 1541 1796 quod
1585 1740 1743 1781 tamen

146 1811 252 1850 ante
290 1811 577 1851 momentum
615 1805 797 1865 prandii
836 1804 1018 1850 detrahi
1056 1807 1285 1851 convenit.

83 1891 124 1922 25
285 1874 423 1921 Aliud
454 1874 820 1935 epithematium‚
851 1874 975 1935 quod
1006 1874 1061 1920 ad
1094 1874 1279 1920 easdem
1311 1873 1539 1920 stomachi
1570 1887 1734 1920 causas
1747 1883 1827 1923 103

148 1943 400 1991 efficaciter
437 1943 642 2006 prodest,
681 1945 769 1989 sic:
808 1942 1012 1990 Storacis
1051 1970 1118 1977 -—
1148 1943 1203 2006 II,
1241 1943 1365 1990 aloes
1400 1970 1457 1977 —-
1493 1942 1549 2006 II,
1586 1949 1742 2004 petro-

149 2013 272 2060 silini
311 2040 375 2046 —
406 2014 444 2075 I,
485 2027 618 2059 cerae
655 2013 703 2060 P.
736 2013 767 2074 Ι,
811 2013 945 2059 nardi
982 2013 1029 2059 P.
1061 2012 1094 2075 Ι,
1130 2015 1337 2060 masticis
1374 2038 1432 2045 —
1466 2013 1522 2075 II,
1559 2015 1743 2059 resinae

147 2083 310 2130 frictae
355 2083 403 2130 P.
435 2082 455 2128 I
487 2083 538 2145 S,
583 2085 764 2129 resinae
810 2082 1156 2130 terebinthinae
1199 2109 1258 2116 —
1297 2082 1360 2146 113
1407 2097 1525 2144 quae
1569 2082 1746 2143 liquida

149 2159 288 2200 erunt
318 2160 364 2200 et
395 2167 513 2214 quae
538 2152 776 2199 tundenda
804 2152 1017 2198 similiter
1041 2159 1092 2199 ut
1119 2167 1260 2214 supra
1284 2154 1471 2214 scriptis
1497 2151 1745 2213 speciebus

86 2239 127 2269 30
150 2223 291 2270 facies
315 2229 362 2270 et
386 2222 602 2269 similiter
624 2222 913 2268 medicamen
936 2237 1086 2283 usque
1111 2222 1166 2268 ad
1191 2222 1353 2268 horam
1376 2222 1561 2283 prandii
1583 2223 1746 2268 uteris.

288 2293 404 2340 Item
428 2292 551 2339 aliud
577 2292 942 2355 epithematium‚
968 2291 1091 2352 quod
1115 2298 1242 2338 arete
1268 2292 1454 2353 dicitur,
1479 2291 1602 2352 quod
1627 2291 1739 2337 facit
1750 2299 1832 2338 104

150 2362 205 2408 ad
237 2369 442 2409 vetustas
474 2376 637 2408 causas
668 2362 910 2424 stomachi,
940 2363 1110 2422 accipit
1139 2362 1273 2408 haec:
1307 2361 1599 2408 Cardamomi
1621 2386 1690 2393 —-
1713 2359 1746 2422 Ι,

150 2432 294 2478 libani
330 2459 397 2464 —
428 2432 467 2493 Ι,
505 2446 638 2478 cerae
681 2457 741 2464 -
775 2430 854 2493 VI,
891 2433 1074 2477 resinae
1116 2457 1175 2464 —-
1209 2430 1313 2494 IIII,
1358 2432 1554 2477 storacis
1597 2455 1655 2462 —
1690 2429 1748 2492 II,

154 2501 244 2547 olei
282 2503 462 2563 cyprini
493 2527 558 2533 —
589 2501 623 2563 I,
660 2503 755 2547 vini
791 2503 964 2547 veteris
1000 2501 1247 2547 heminam.
1309 2500 1664 2547 Cardamomum
1703 2505 1751 2546 et

293 2611 317 2648 5
350 2608 539 2649 seseleos
571 2609 821 2650 Corum-ius.
911 2613 933 2650 7
965 2607 1107 2650 thimi.
1195 2607 1389 2650 libistici.
1485 2611 1536 2648 12
1567 2605 1749 2659 liquide.

153 2664 410 2717 temperate.
500 2666 550 2704 15
582 2663 783 2705 cocleari.
874 2668 925 2706 16
956 2664 1075 2716 quod
1106 2663 1325 2706 stomachi
1354 2675 1433 2705 om.
1527 2666 1582 2704 26
1613 2663 1752 2703 stora-

154 2718 261 2770 chis,
296 2720 393 2761 item
423 2724 489 2760 33.

239 2797 489 2837 ΜΑΒοΕΜιυε,
510 2804 573 2828 1:13.
594 2797 839 2829 Hammon.
1448 2791 1499 2828 14
