1898 3016
94 382 146 420 79

91 451 146 490 80

91 591 142 629 81

91 730 145 768 82

89 1148 145 1186 83

90 1565 145 1603 84

89 1634 143 1672 85

89 1913 141 1951 86

90 2261 142 2299 87

93 2608 145 2646 88

795 105 1174 156 —148—

181 239 399 295 strumas,
437 234 576 279 etiam
615 232 905 280 marrubium
943 248 1051 280 cum
1088 234 1222 294 adipe
1259 235 1458 281 mixtum
1491 233 1774 295 adpositum-

181 317 270 364 que
307 302 514 363 prodest.

319 371 613 418 Exulceratis
659 373 854 418 strumis
899 372 1124 419 mustelae
1170 374 1358 433 sanguis
1396 378 1522 419 recte
1559 373 1775 421 inlinitur

178 441 249 488 vel
299 443 400 502 ipsa
443 443 493 487 in
543 442 650 487 vino
703 441 894 488 decocta
946 441 1196 488 salubriter
1239 443 1494 502 inponitur.
1568 443 1774 506 Cocleae,

178 525 297 573 quae
343 511 502 557 salinis
545 510 812 573 inhaerent,
858 526 967 557 cum
1009 513 1145 558 testis
1187 513 1285 558 suis
1321 517 1487 558 tunsae
1525 518 1664 574 atque
1701 515 1770 560 in·
1795 525 1816 555 5

175 582 356 642 positae
394 582 587 627 strumis
626 580 880 627 efficaciter
916 588 1130 641 prosunt.
1187 580 1356 642 Talpae
1396 583 1514 628 cinis
1551 596 1608 627 ex
1638 582 1774 629 melle

175 650 338 696 inlitus
377 651 571 696 strumis
610 649 680 695 vel
717 651 850 696 iecur
887 652 988 696 eius
1026 652 1151 697 inter
1186 665 1352 697 manus
1389 652 1554 697 tritum
1591 651 1772 713 adposi-

176 726 276 766 tum
322 719 578 781 plurimum
622 719 829 779 prodest.
903 719 1118 766 Strumae
1163 722 1337 781 optime
1382 720 1598 767 medetur
1642 721 1774 768 radix

175 788 426 851 verbenae,
472 790 513 834 si
557 803 657 834 eam
701 795 1016 842 transversam
1060 804 1245 836 reseces
1283 796 1632 851 extremamque
1670 792 1773 837 eius

173 864 357 920 partem
394 858 651 905 laborantis
689 858 806 905 collo
845 859 1117 921 subnectas,
1155 861 1362 919 priorem
1399 866 1554 906 autem
1591 865 1772 921 partem
1795 871 1836 901 10

173 930 223 975 in
268 929 396 975 fumo
443 928 714 989 suspendas.
787 929 1042 975 Arescente
1088 931 1213 975 enim
1251 943 1305 975 ea
1342 934 1548 975 strumae
1587 944 1774 991 quoque

174 998 479 1045 siccabuntur
525 1003 572 1043 et
616 999 768 1044 omnis
814 1012 975 1045 earum
1020 1013 1156 1045 umor
1201 1004 1393 1045 arescet.
1467 998 1583 1045 Cum
1633 1013 1773 1046 sanus

174 1068 338 1130 fuerit,
378 1081 519 1128 quem
558 1069 759 1129 curaris,
807 1069 847 1114 si
884 1067 971 1114 tibi
1006 1069 1218 1128 ingratus
1256 1069 1483 1130 extiterit,
1523 1075 1773 1129 utramque

177 1143 359 1200 partem
403 1139 452 1183 in
498 1151 665 1198 aquam
711 1138 899 1200 coicito,
944 1144 1148 1183 strumae
1195 1143 1513 1183 renascentur.
1586 1137 1773 1183 Urticae

174 1207 358 1253 radices
404 1220 512 1252 cum
557 1211 688 1252 aceto
730 1212 890 1252 coctae
928 1213 1244 1267 contusaeque
1283 1221 1335 1252 ac
1374 1205 1592 1252 subactae
1631 1209 1773 1253 mani-
1797 1217 1836 1248 15

173 1276 262 1323 hus
293 1276 478 1337 tepidae
508 1277 817 1338 inponuntur,
853 1277 1132 1337 incipientes
1163 1282 1367 1322 strumas
1398 1277 1620 1322 continuo
1650 1291 1774 1322 com-

171 1347 398 1407 primunt.
470 1345 596 1392 Haec
636 1353 792 1391 autem
831 1360 944 1392 cura
981 1360 1075 1391 non
1113 1345 1264 1392 solum
1303 1345 1526 1392 discutiet
1561 1360 1773 1407 prorum-

172 1422 339 1476 pentes
386 1420 610 1478 strumas,
660 1415 741 1461 sed
787 1422 834 1461 et
878 1421 1083 1461 maturas
1120 1417 1183 1461 ita
1222 1417 1420 1478 aperiet,
1465 1421 1518 1461 ut
1557 1415 1773 1462 omnibus

174 1484 413 1531 radicibus
450 1486 640 1545 penitus
679 1486 901 1531 extractis
938 1485 994 1531 ad
1033 1486 1345 1531 certissimam
1383 1486 1627 1530 sanitatem
1670 1486 1771 1531 sine

175 1554 268 1602 ulla
305 1556 603 1601 cunctatione
640 1554 881 1615 perducat.
939 1554 1095 1615 Adeps
1133 1556 1322 1614 caprina
1359 1568 1465 1600 cum
1504 1554 1629 1600 calce
1664 1553 1770 1600 sub·
1795 1565 1836 1595 20

175 1630 278 1671 acta
315 1629 363 1670 et
399 1624 609 1685 adposita
647 1631 850 1670 strumas
888 1626 1045 1670 statim
1083 1623 1293 1669 dissolvit
1330 1629 1376 1669 et
1406 1629 1549 1669 sanat.
1608 1623 1769 1684 Lupus

175 1696 396 1756 marinus,
434 1693 482 1739 id
520 1699 593 1739 est
621 1695 780 1754 piscis,
817 1699 971 1740 tantae
1002 1693 1235 1739 efficaciae
1267 1699 1339 1739 est
1369 1692 1615 1739 adversum
1647 1699 1769 1739 stru-

173 1778 286 1826 mas,
325 1770 377 1809 ut
414 1763 469 1809 ad
502 1762 756 1823 quamlibet
785 1769 966 1824 partem
996 1764 1209 1823 corporis
1239 1762 1452 1808 admotus
1483 1768 1769 1809 strumarum

173 1834 339 1880 vitium
377 1847 514 1879 omne
551 1838 784 1893 persanet.

313 1902 549 1948 Adversus
586 1902 859 1962 languorem
896 1902 1048 1948 focani
1086 1908 1332 1962 expertum
1361 1900 1649 1947 medicamen
1678 1900 1767 1947 hoc
1791 1910 1832 1941 25

174 1973 341 2018 facies:
382 1971 564 2033 Piperis
602 1971 694 2018 albi
735 1998 794 2004 —
828 1971 868 2033 I,
906 1986 1134 2032 naporum
1172 1972 1364 2017 seminis
1403 1997 1468 2002 —
1499 1969 1598 2026 1111,
1635 1977 1771 2017 rutae

173 2042 335 2088 viridis
369 2036 430 2107 9³
461 2040 532 2102 VI,
571 2041 776 2087 absinthi
813 2041 974 2087 Gallici
1010 2035 1070 2107 ‘9‘
1103 2040 1174 2103 VI,
1211 2040 1375 2086 laseris
1409 2040 1574 2099 optimi
1606 2033 1667 2106 21
1698 2039 1771 2102 VI,

174 2111 325 2157 mellis
357 2112 521 2172 optimi
550 2113 820 2157 sextarium.
883 2110 965 2156 His
995 2112 1121 2157 tritis
1152 2110 1507 2169 commixtisque
1545 2110 1593 2154 in
1625 2123 1769 2156 unum

175 2180 447 2227 cocliarium
484 2179 675 2241 plenum
713 2180 844 2226 dabis
882 2181 1038 2227 ieiuno
1077 2179 1332 2226 vorandum
1363 2177 1436 2223 vel
1473 2178 1630 2224 fauces
1660 2178 1769 2224 inde

176 2252 432 2310 continges.
482 2251 588 2310 Apii
618 2251 809 2296 seminis
841 2256 1064 2310 quantum
1096 2248 1248 2295 tribus
1279 2248 1435 2308 digitis
1467 2247 1769 2308 comprehen-
1792 2257 1832 2288 30

176 2320 272 2384 das,
309 2319 583 2366 tantundem
623 2325 669 2365 et
700 2319 808 2365 salis
847 2325 893 2365 et
924 2321 1108 2380 senapis
1138 2317 1438 2363 Alexandrini
1468 2317 1654 2379 adicies,
1693 2332 1768 2364 ru-

174 2397 248 2436 tae
288 2404 474 2451 quoque
511 2389 675 2434 viridis
712 2389 933 2449 pusillum
973 2389 1114 2435 addes
1152 2394 1198 2433 et
1235 2386 1322 2432 alei
1353 2387 1506 2446 spicas
1537 2386 1584 2433 V.
1644 2386 1768 2433 Haec

176 2466 302 2505 teres
340 2459 587 2520 diligenter
621 2464 668 2504 et
698 2458 923 2518 adiunges
953 2460 1072 2505 aceti
1101 2457 1212 2503 honi
1242 2457 1531 2516 quartarium
1561 2461 1607 2502 et
1638 2455 1768 2502 dabis

176 2528 338 2574 bibere
377 2543 433 2575 ex
470 2543 589 2589 aqua
626 2528 793 2589 calida,
831 2530 871 2573 si
907 2530 998 2574 iam
1035 2541 1120 2588 per
1157 2525 1364 2571 dolorem
1401 2525 1605 2572 faucium
1642 2539 1767 2571 man-

178 2598 350 2644 ducare
388 2612 481 2644 non
518 2599 704 2658 poterit.
777 2597 938 2658 Adipis
974 2597 1146 2643 veteris
1185 2621 1249 2628 —
1280 2594 1313 2656 I,
1355 2597 1475 2641 turis
1513 2609 1654 2656 grana
1691 2594 1831 2658 III,35

291 2749 342 2786 25
374 2745 541 2800 focani]
570 2745 765 2787 faucium
797 2744 1046 2787 eornm-ius.
