1898 3016
78 290 132 328 46

76 640 130 677 47

81 1129 135 1167 48

80 1618 133 1656 49

83 1968 136 2006 50

84 2248 136 2286 51

85 2457 136 2495 52

775 81 1153 131 -200—

164 211 305 256 minis
350 210 450 256 triti
489 203 551 276 9³
583 208 645 255 III
691 214 737 255 et
773 208 982 256 lactucae
1020 209 1148 256 albae
1187 211 1378 257 seminis
1414 212 1515 258 triti
1553 212 1763 261 cocleare

164 294 332 343 unum,
370 280 482 326 haec
521 293 639 341 aqua
676 281 906 340 permixta
935 280 1123 326 ieiunus
1155 280 1364 343 accipiat,
1394 281 1602 342 prodest.
1662 282 1762 330 Sto-

163 349 381 396 machum
420 349 700 396 conroborat
737 348 883 396 herba
920 348 1135 396 absenthi
1173 349 1364 396 decocta
1402 365 1510 398 cum
1540 353 1646 399 vino
1685 367 1761 400 au-

165 426 292 467 stero
332 426 470 481 atque
508 421 571 466 ita
611 418 810 466 subinde
848 426 971 480 pota,
1013 421 1052 466 si
1096 418 1251 466 febres
1294 434 1389 466 non
1433 427 1594 485 erunt3
1639 423 1763 483 quod

165 492 205 537 si
256 489 533 551 inquietudo
593 489 759 552 fuerit,
819 504 927 536 cum
986 504 1104 551 aqua
1160 491 1298 550 coqui
1349 497 1395 536 et
1446 491 1547 538 dari
1598 492 1803 539 debet:5

163 561 338 607 mirum
375 566 459 607 est.

303 629 373 676 Ad
405 628 602 676 olitanos
641 629 870 676 stomachi
907 629 1092 676 dolores
1135 629 1360 690 malagma
1398 631 1466 677 sic
1504 645 1762 692 conpones:

164 698 309 746 Faeni
346 701 503 761 graeci
535 699 766 762 cyathum,
803 699 887 745 lini
922 701 1112 746 seminis
1143 699 1373 762 cyathum,
1411 699 1547 747 ibisci
1576 703 1764 762 purgati

164 769 213 817 P.
252 769 292 832 Ι,
339 784 484 831 aquae
531 767 579 815 ἃ
619 769 761 830 VIIII,
807 769 898 816 olei
941 767 989 815 *S*
1027 768 1132 832 1111,
1179 783 1370 830 spumae
1416 773 1595 832 argenti
1639 771 1687 818 P.
1729 771 1762 834 Ι,

165 854 385 887 cerussae
417 839 465 887 P.
497 839 530 902 I,
569 854 702 886 cerae
741 839 790 886 P.
820 839 841 885 I
873 839 917 886 S.
977 839 1100 886 Haec
1131 841 1284 886 omnia
1314 842 1360 886 in
1393 855 1539 887 unum
1571 855 1763 888 concor·
1787 854 1829 885 10

164 909 355 972 porabis
394 915 440 956 et
471 909 705 970 decoques
737 915 784 956 et
814 925 921 956 cum
952 909 1175 970 malagma
1206 911 1388 972 feceris,
1426 912 1474 956 in
1511 925 1665 971 panno
1696 913 1764 957 in—

167 980 312 1027 duces
350 986 398 1026 et
435 979 674 1026 stomacho
710 979 915 1040 adpones
947 986 993 1026 et
1023 981 1148 1026 circa
1179 981 1358 1026 viscera
1389 985 1481 1026 tam
1516 981 1596 1027 diu
1625 981 1763 1028 habe-

164 1050 238 1096 bis
276 1055 323 1096 et
359 1055 455 1096 tam
492 1049 685 1096 adsidue
723 1049 941 1112 adpones,
980 1049 1128 1095 donec
1167 1048 1299 1095 dolor
1336 1049 1568 1097 abscedat.

307 1119 378 1165 Ad
401 1119 696 1166 stomachum
719 1119 1033 1166 fastidientem
1058 1133 1212 1165 escam
1234 1124 1279 1164 et
1296 1125 1612 1167 revomentem
1630 1135 1764 1167 rosae

166 1189 426 1252 dimidium,
458 1189 582 1249 quod
615 1203 775 1235 semen
799 1194 969 1252 portat,
1000 1189 1047 1235 id
1071 1194 1143 1235 est
1165 1190 1319 1250 ipsum
1345 1189 1507 1236 florem
1531 1205 1765 1254 croceum,
1790 1202 1830 1234 15

166 1259 427 1306 contundes
467 1264 512 1305 et
551 1258 768 1305 aluminis
800 1260 949 1321 scissi,
987 1260 1159 1321 cyperi,
1198 1258 1407 1321 bidellae,
1445 1259 1661 1306 absenthi
1691 1276 1766 1308 su-

166 1344 288 1391 cum,
325 1328 534 1391 meliloti,
564 1343 698 1375 rosae
730 1330 895 1391 siccae,
934 1330 1130 1391 acaciae,
1167 1330 1251 1375 iris
1280 1328 1504 1393 Illyricae,
1543 1330 1633 1377 olei
1662 1346 1765 1378 nar-

166 1400 284 1461 dini,
330 1413 486 1461 cerae,
532 1398 836 1460 opobalsami,
881 1413 1019 1460 pares
1062 1413 1309 1445 mensuras
1354 1399 1519 1446 harum
1558 1402 1764 1448 omnium

167 1470 433 1531 specierum
464 1475 679 1515 conteres
710 1470 759 1514 in
788 1470 1012 1515 mortario
1038 1483 1299 1515 marmoreo
1324 1484 1376 1515 ac
1401 1470 1640 1517 stomacho
1672 1473 1766 1532 epi-

165 1539 445 1586 thematium
474 1539 726 1585 mirificum
760 1553 1052 1600 superpones
1082 1539 1138 1585 ad
1169 1540 1339 1601 ignem,
1380 1546 1431 1586 ut
1469 1546 1539 1587 est
1570 1555 1764 1588 consue·
1789 1553 1832 1584 20

165 1609 295 1671 tud0,
334 1610 659 1669 compositum.
718 1608 1085 1669 Epithematium
1123 1610 1351 1669 optimum
1385 1609 1441 1655 ad
1474 1610 1764 1658 stomachum

166 1679 500 1740 reparandum:
546 1678 752 1725 Masticis
794 1705 853 1711 —-
889 1677 967 1741 VI,
1005 1678 1129 1725 aloes
1171 1705 1230 1711 —
1264 1678 1347 1741 111,
1386 1682 1582 1726 storacis
1615 1707 1678 1713 —
1711 1680 1765 1743 ll,

167 1764 302 1796 cerae
340 1748 388 1807 P«.
419 1749 452 1810 Ι,
492 1748 627 1795 nardi
658 1774 724 1781 —-
755 1748 826 1795 VI.
879 1748 1003 1795 Haec
1041 1752 1217 1809 pariter
1254 1749 1473 1795 miscebis
1512 1756 1559 1796 et
1589 1750 1765 1812 epithe-

166 1821 362 1866 matium
399 1818 571 1865 subtile
610 1819 766 1877 facies,
806 1819 930 1880 quod
969 1818 1128 1865 multis
1158 1818 1302 1881 horiS,
1341 1825 1467 1866 certe
1497 1819 1651 1867 hieme
1682 1835 1767 1881 per

166 1895 319 1936 totum
357 1889 494 1951 diem,
534 1890 602 1935 uti
639 1890 829 1950 poteris.
1791 1900 1832 1932 25

309 1959 378 2005 Ad
411 1926 619 2005 dol⁷orem
653 1958 880 2005 stomachi
909 1960 1169 2005 vettonicae
1207 1959 1378 2005 radicis
1413 1959 1685 2006 fasciculum
1717 1961 1767 2006 in

168 2029 255 2075 olla
295 2029 530 2090 decoques
569 2043 624 2075 ex
662 2043 781 2090 aqua
819 2028 1107 2090 eandemque
1154 2028 1290 2074 ollam
1331 2028 1417 2075 sub
1456 2029 1560 2075 divo
1599 2029 1767 2076 habeto

169 2106 399 2161 opertam3
432 2113 540 2145 cum
571 2098 838 2145 stomachus
870 2098 1029 2144 dolore
1062 2098 1315 2160 vexabitur,
1347 2113 1496 2160 usque
1524 2099 1580 2145 ad
1605 2101 1767 2145 tertias

169 2169 363 2215 eandem
401 2183 568 2230 aquam
607 2183 817 2230 excoque
855 2174 902 2215 et
938 2168 1047 2215 inde
1072 2169 1301 2230 cyathum
1334 2183 1478 2214 unum
1511 2167 1767 2215 bibendum

168 2241 356 2286 ieiunus
387 2238 442 2285 ad
474 2239 596 2285 diem
628 2253 774 2285 sume.
824 2238 1030 2284 Urticam
1060 2252 1219 2284 semen
1242 2237 1488 2284 habentem
1513 2239 1560 2284 in
1585 2253 1766 2285 summo
1790 2253 1833 2283 30

170 2309 303 2355 deme
342 2323 394 2355 ac
434 2308 683 2370 diligenter
719 2309 817 2355 lava
855 2315 902 2355 et
941 2323 995 2354 ex
1034 2323 1086 2354 ea
1125 2306 1428 2354 sorbitionem
1470 2308 1607 2354 facito
1645 2307 1765 2355 bene

170 2378 403 2426 conditam
444 2380 544 2424 sine
582 2380 760 2441 pipere,
798 2379 1071 2424 suavissime
1110 2378 1353 2438 accipieris
1387 2377 1443 2423 ad
1475 2378 1766 2424 stomachum

170 2449 489 2495 reficiendum.
563 2448 792 2495 Lactucae
834 2450 994 2509 nigrae
1040 2461 1219 2509 semen,
1268 2447 1391 2507 quod
1436 2448 1590 2508 ipsum
1636 2447 1765 2494 valde

170 2520 354 2579 nigrum
394 2525 478 2581 est,
515 2520 564 2564 in
595 2519 685 2580 pila
716 2517 868 2579 lignea
905 2524 1096 2564 tunsum
1128 2531 1232 2563 cum
1264 2517 1399 2563 melle
1431 2517 1594 2578 subige
1626 2524 1763 2579 atque

313 2630 334 2666 7
368 2624 578 2666 oletanos.
741 2628 790 2665 17
822 2623 1025 2665 melidoti
1053 2624 1131 2677 (sic
1159 2624 1363 2676 saepius).
1521 2627 1572 2665 21
1606 2623 1765 2676 epithi-

168 2679 369 2721 matium.
473 2685 527 2721 24
558 2680 675 2732 quod
707 2681 786 2732 (sic
816 2681 944 2731 cod.):
977 2692 1063 2732 quo
1097 2678 1348 2721 C'ornarius.
1452 2684 1504 2721 26
1534 2680 1766 2721 vetonicae

170 2736 237 2789 (ut
264 2736 452 2790 saepius)
483 2736 652 2778 radices
682 2735 951 2777 fascicolum.
1067 2738 1121 2776 34
1151 2735 1281 2778 linea.
