1930 3008
755 91 1127 142 -.—327—-

143 237 282 286 quam
318 223 556 284 potionem
593 219 788 267 colatam
825 219 1030 266 admixto
1067 218 1253 280 paululo
1289 219 1438 266 mellis
1469 220 1736 269 calefactam

142 295 277 356 potui
320 291 464 339 dabis.
530 289 711 337 Herbae
748 289 1043 336 Britannicae
1089 303 1231 336 sucus
1274 303 1359 350 per
1397 304 1446 336 se
1484 290 1612 337 solus
1649 306 1735 352 pro
1767 300 1819 339 71

142 364 282 410 unius
313 364 541 423 cuiusque
572 359 749 407 viribus
779 361 913 420 potui
942 365 1157 421 sumptus
1189 360 1289 406 sine
1312 359 1522 420 periculo
1545 367 1735 424 purgat3

143 447 235 495 quo
275 432 468 479 validius
505 436 661 477 autem
698 431 891 491 purgari
927 429 1150 486 volueris,
1194 429 1282 476 hoc
1327 429 1527 490 amplius
1564 444 1736 493 sumes,

97 504 207 550 sita
250 509 302 549 ut
346 515 614 548 mensuram
661 501 852 547 sextarii
889 514 983 546 non
1021 499 1229 550 excedas.
1294 498 1532 546 Lauriculi
1568 501 1735 563 teneri,
1768 511 1820 549 72

141 572 189 619 id
234 578 307 619 est
351 585 508 634 cymae
552 570 692 632 lauri,
737 584 845 616 cum
889 575 1057 631 nepeta
1102 569 1281 616 adiecto
1327 569 1421 616 sale
1460 571 1652 617 contriti
1689 576 1735 618 et

142 657 248 689 cum
293 656 438 703 aquae
482 639 665 702 tepidae
710 639 896 686 hemina
939 640 988 685 in
1033 641 1220 701 potione
1270 641 1446 700 sumpti
1498 641 1735 687 concitant

140 712 291 759 alvum
328 712 637 772 pituitamque
675 716 722 756 et
757 708 1014 756 lumbricos
1052 709 1271 756 celeriter
1304 711 1494 756 eiciunt.
1562 709 1734 757 Sabuci
1765 719 1818 757 73

140 780 328 828 coliculi
369 781 523 827 teneri
565 779 748 826 decocti
791 793 900 825 cum
943 778 1044 825 oleo
1090 784 1139 825 et
1174 793 1285 840 garo
1322 779 1590 826 manducati
1625 794 1734 827 ven-

77 864 118 896 10
140 858 261 899 trem
297 851 519 897 continuo
551 848 748 896 solvunt.
806 847 1036 895 Aluminis
1066 848 1232 910 liquidi
1259 848 1501 910 paululum
1531 849 1634 896 lana
1663 851 1732 896 in·
1766 857 1821 896 74

139 920 348 968 volutum
393 926 439 966 et
482 919 638 981 podici
681 917 944 965 subiectum
987 924 1149 965 evocat
1187 925 1370 965 stercus
1409 925 1456 965 et
1493 920 1595 966 sine
1634 919 1735 966 fati-

139 992 323 1052 gatione
361 990 563 1036 deducit.
1243 1007 1245 1013 ·

278 1060 570 1121 Frequenter
614 1059 796 1119 experti
840 1057 1118 1105 solutionem
1155 1059 1332 1104 ventris
1370 1058 1618 1105 adfirmant
1655 1058 1735 1105 tali
1766 1066 1819 1104 75

139 1130 344 1176 remedio
384 1144 433 1176 se
472 1143 574 1175 esse
612 1134 854 1189 purgatos:
899 1127 1046 1174 Mellis
1085 1127 1366 1175 acitabulum
1405 1135 1452 1175 et
1489 1128 1596 1175 salis
1634 1130 1736 1175 triti

77 1211 118 1242 15
141 1199 413 1246 tantundem
457 1213 565 1245 cum
610 1199 730 1244 aceti
774 1198 975 1243 sextario
1016 1212 1109 1244 uno
1148 1197 1455 1244 fervefaciunt
1492 1205 1630 1259 atque
1668 1199 1733 1244 ita

139 1277 274 1316 nocte
319 1268 406 1316 sub
458 1268 563 1314 divo
615 1266 741 1314 caelo
788 1281 954 1313 sereno
1000 1282 1078 1313 vas
1123 1266 1286 1314 leviter
1331 1273 1548 1328 opertum
1592 1267 1732 1314 relin-

138 1347 289 1400 quunt
333 1344 379 1385 et
418 1352 575 1399 mane,
613 1351 719 1384 cum
756 1336 907 1397 pridie
945 1351 1060 1383 cena
1097 1335 1431 1398 abstinuerint,
1469 1351 1576 1384 eum
1614 1351 1734 1398 aqua

137 1416 364 1470 quantum
402 1407 602 1454 sufficiat
639 1408 904 1453 minutatim
941 1405 1129 1469 bibunt3
1169 1421 1260 1467 quo
1292 1406 1412 1453 sacto
1452 1421 1545 1453 non
1581 1407 1732 1454 solum

136 1480 329 1541 ventris,
366 1478 447 1524 sed
486 1478 624 1524 etiam
661 1482 787 1522 atrae
824 1475 931 1522 bilis
969 1491 1020 1523 ac
1058 1476 1189 1523 rufae
1228 1476 1380 1523 taedio
1413 1476 1731 1524 absolvuntur.

72 1560 113 1591 20
140 1548 307 1595 Serum
351 1547 408 1594 de
456 1546 574 1593 lacte
618 1545 794 1592 bubulo
840 1546 1021 1592 adiecto
1073 1545 1209 1592 melle
1263 1552 1310 1592 et
1362 1545 1455 1592 sale
1506 1552 1731 1607 quantum
1763 1555 1816 1593 76

137 1619 250 1665 satis
287 1619 347 1664 sit
382 1618 514 1678 potui
550 1621 789 1676 sumptum
827 1623 1087 1663 morantem
1123 1616 1276 1662 alvum
1305 1615 1500 1676 inpellit.
1562 1616 1730 1663 Serum
1763 1625 1816 1664 77

135 1688 192 1734 de
229 1687 348 1734 lacte
386 1688 558 1748 equino
595 1687 728 1747 potui
765 1685 925 1732 datum
962 1685 1094 1732 facile
1140 1693 1187 1732 et
1230 1686 1332 1732 sine
1373 1685 1582 1746 periculo
1621 1700 1729 1733 ven-

134 1765 255 1804 trem
284 1756 486 1802 molliter
516 1762 698 1816 purgat.
749 1755 993 1802 Asininum
1021 1756 1090 1802 lac
1122 1770 1228 1802 cum
1252 1755 1388 1802 melle
1412 1757 1545 1817 potui
1568 1756 1730 1803 datum
1762 1765 1816 1803 78

135 1833 348 1874 ventrem
386 1825 519 1872 facile
557 1831 604 1872 et
641 1827 741 1871 sine
778 1825 988 1886 periculo
1027 1826 1175 1872 solvit.

71 1908 114 1940 25
278 1895 394 1942 Salis
432 1896 600 1942 marini
635 1896 737 1942 triti
773 1902 820 1942 et
857 1895 1005 1942 mellis
1043 1897 1206 1956 optimi
1239 1895 1502 1956 despumati
1532 1901 1579 1942 et
1609 1897 1730 1942 aceti
1761 1905 1814 1943 79

138 1965 340 2013 scillitici
377 1966 639 2012 semuncias
677 1964 882 2025 singulas
920 1967 967 2011 in
1006 1980 1151 2012 unum
1188 1964 1408 2012 miscebis
1447 1971 1492 2011 et
1528 1970 1653 2012 teres
1685 1971 1732 2013 et

137 2050 282 2096 aquae
318 2035 518 2081 mundae
557 2034 751 2096 frigidae
790 2036 1081 2096 quartarium
1118 2035 1291 2082 adicies
1322 2040 1368 2081 et
1398 2034 1653 2095 coagitabis
1684 2042 1732 2083 et

136 2107 322 2152 ieiunus
361 2105 634 2152 calefactum
672 2104 839 2151 leniter
883 2104 1036 2167 bibes3
1081 2112 1181 2152 tum
1220 2104 1544 2158 ¹deambulabis
1591 2111 1732 2166 atque

137 2177 260 2222 inter
290 2174 679 2221 deambulandum
710 2174 904 2221 calidam
942 2189 1108 2236 aquam
1146 2175 1380 2237 paulatim,
1419 2176 1637 2235 quotiens
1668 2176 1733 2221 vi-

73 2257 115 2287 30
138 2260 241 2291 sum
279 2245 434 2307 fuerit,
472 2259 649 2307 sumes3
687 2250 904 2305 potenter
940 2245 1029 2291 hoc
1066 2244 1274 2291 remedio
1304 2251 1515 2291 ventrem
1546 2258 1730 2291 moran-

138 2321 234 2361 tem
269 2314 481 2376 bilesque
518 2313 754 2375 purgabis.

277 2384 499 2445 Malagma
535 2385 858 2445 purgatorium
897 2383 953 2430 ad
983 2383 1219 2447 parvulos,
1254 2385 1295 2431 si
1324 2383 1382 2430 ob
1412 2384 1732 2431 infirmitatem
1762 2393 1817 2431 80

138 2454 375 2514 'potionem
398 2456 714 2515 purgatoriam
738 2453 898 2500 bibere
924 2460 1004 2500 aut
1026 2455 1259 2501 sustinere
1283 2468 1377 2500 non
1400 2460 1619 2515 possunt:
1642 2453 1733 2501 Lu·

141 2523 276 2583 pinos
307 2524 476 2570 crudos
508 2525 657 2571 siccos
685 2525 733 2570 in
757 2523 891 2570 ollam
915 2538 1081 2570 novam
1103 2525 1272 2571 missos
1294 2525 1343 2570 in
1367 2524 1504 2570 furno
1529 2523 1733 2571 torrebis

285 2633 306 2669 1
338 2629 528 2681 paulolo,
671 2635 695 2672 2
727 2630 1005 2673 brittanicae.
1163 2635 1188 2672 3
1218 2629 1346 2672 vires.
1499 2634 1524 2672 5
1553 2630 1732 2672 teneris,

144 2688 195 2725 10
226 2683 451 2736 paulolum
483 2689 557 2727 1m
587 2686 818 2739 paululum
846 2690 935 2729 2m.
1059 2689 1110 2728 26
1144 2686 1308 2729 scilliti.
1435 2690 1489 2728 30
1519 2691 1619 2730 ante
1647 2687 1735 2729 hoo

139 2740 242 2783 add.
272 2752 351 2794 per
379 2745 460 2784 ,2m
488 2754 623 2796 supra
651 2743 727 2785 lin.
842 2742 1097 2784 remedium.
