1898 3016
796 70 1190 126 —88'—1

169 203 474 251 cundioribus
520 219 613 250 non
661 205 864 264 renasci,
909 203 1028 250 lacte
1073 203 1285 250 mulieris
1330 219 1384 250 eo
1429 204 1503 251 die
1541 219 1761 266 expresso

170 289 261 335 quo
292 275 476 335 peperit
507 276 723 334 continge
755 273 968 321 crebrius
999 273 1113 335 loca,
1147 273 1203 319 de
1237 273 1406 335 quibus
1435 274 1555 335 pilos
1585 274 1761 322 tuleris.

86 343 264 391 178P11i
310 345 350 389 si
395 343 542 390 oculis
586 343 773 390 molesti
818 349 977 404 erunt,
1028 349 1246 403 potenter
1290 345 1438 390 uteris
1490 344 1576 391 hoc
1619 344 1762 391 medi-

170 414 370 460 camine:
408 412 628 460 Lacertae
659 414 821 459 viridis
851 413 912 458 fel
943 414 1087 459 misce
1119 427 1226 459 cum
1255 414 1362 459 vino
1392 413 1509 476 albo,
1540 420 1762 475 quantum

170 483 388 530 sufficere
427 485 779 545 existimaveris,
810 487 857 528 et
893 484 1025 528 mitte
1057 484 1106 528 in
1137 497 1215 528 vas
1246 497 1434 530 aereum
1464 485 1762 544 positumque
1785 494 1805 526 5

169 552 225 599 ad
257 552 402 599 solem
432 559 527 599 tam
553 553 631 599 diu
670 554 804 614 agita,
835 552 984 598 donec
1015 552 1373 599 crassitudinem
1404 553 1554 599 mellis
1583 553 1764 615 habeat,

87 632 165 669 179
180 628 320 683 atque
358 637 413 668 ex
446 637 499 668 eo
530 620 630 669 loca
661 622 863 683 pilorum
896 621 1134 668 vulsorum
1164 636 1301 683 unge.
1360 622 1619 669 Lucernam
1649 623 1765 669 ficti-

170 691 260 738 lem
299 691 355 738 de
393 707 567 753 papyro
607 699 653 738 et
691 692 889 738 medulla
927 694 1114 738 vaccina
1160 694 1436 738 concinnato
1482 699 1620 753 atque
1666 694 1766 739 eius

171 762 298 808 fumo
337 763 433 808 sive
471 762 663 823 fuligine
701 762 773 808 vel
810 761 938 823 ligny
974 776 1059 822 pro
1099 761 1427 823 calliblepharo
1465 768 1620 824 utere,
1673 776 1764 823 quo

170 831 416 892 palpebras
457 846 618 878 exesas
656 839 702 879 et
740 831 922 893 glabras
960 833 1146 892 saepius
1183 831 1450 892 inungendo
1494 832 1830 879 decentissi-10

89 911 277 948 180mas
324 902 479 948 facies.
561 901 743 948 Glabris
786 901 1022 963 palpebris
1066 901 1186 962 pilos
1230 902 1445 964 induceS,
1497 903 1538 948 si
1582 916 1766 965 oesypo,

169 971 296 1032 quod
336 971 423 1018 sub
461 973 603 1018 armis
641 973 797 1018 ovium
835 973 1059 1032 nascitur,
1097 971 1275 1018 adiecta
1312 986 1467 1032 myrra
1497 973 1766 1033 pariterque

171 1042 220 1087 in
250 1043 473 1088 mortario
507 1043 614 1088 trita
646 1041 837 1103 specillo
869 1041 1016 1087 calido
1049 1041 1149 1087 loca
1178 1041 1286 1103 pilis
1323 1041 1446 1087 nuda
1476 1041 1766 1102 perduxeris.

88 1110 303 1157 181Pilos
357 1111 504 1157 oculis
558 1111 779 1158 molestos
828 1111 1180 1172 diligentissime
1225 1110 1364 1157 velles
1423 1117 1561 1171 atque
1606 1125 1766 1157 eorum

171 1179 271 1226 loca
308 1180 491 1227 hircino
530 1183 755 1242 sanguine
793 1183 973 1227 recenti
1003 1186 1082 1227 aut
1111 1180 1285 1241 leporis
1316 1186 1396 1226 aut
1425 1180 1768 1241 vespertilionis
1791 1191 1832 1222 15

171 1250 342 1297 inlines
387 1250 460 1297 vel
505 1252 670 1297 canino
715 1251 833 1297 lacte
880 1252 1124 1311 continges
1169 1256 1249 1296 aut
1286 1265 1372 1296 acu
1410 1265 1582 1311 cuprea
1620 1250 1768 1297 calido

91 1326 311 1367 182aceto
347 1322 533 1382 saepius
557 1320 761 1367 delibuta
794 1320 1038 1382 perduces,
1096 1319 1277 1380 Capnos
1308 1321 1494 1366 nomine
1519 1326 1590 1366 est
1612 1320 1769 1383 herba,

174 1391 308 1436 cuius
347 1405 489 1437 sucus
527 1392 633 1436 vino
670 1392 844 1443 mixtus
877 1396 1015 1451 atque
1046 1389 1207 1436 inlitus
1237 1390 1366 1453 locis,
1398 1390 1454 1436 de
1487 1389 1657 1451 quibus
1687 1389 1770 1451 pili

92 1469 168 1506 183
181 1459 236 1506 ab
269 1460 415 1506 oculis
447 1461 623 1507 fuerint
654 1462 885 1522 extirpati,
923 1461 1107 1506 renasci
1145 1474 1224 1506 eos
1254 1474 1348 1506 non
1379 1461 1621 1521 permittit.
1683 1460 1769 1506 Ra-

174 1530 434 1576 nunculum
479 1531 675 1576 viridem
722 1530 1096 1591 conprehensum
1142 1544 1228 1576 acu
1274 1544 1445 1591 cuprea
1490 1531 1684 1590 pungito
1726 1535 1772 1577 et
1794 1541 1834 1570 20

174 1601 399 1660 sanguine
446 1601 547 1646 eius
586 1607 779 1662 excepto
824 1599 1090 1662 palpebras,
1133 1599 1190 1645 de
1229 1599 1398 1660 quibus
1437 1599 1555 1660 pilos
1593 1599 1771 1662 tuleris,

91 1669 380 1716 184subinde
420 1671 652 1734 continge,
689 1685 943 1731 numquam
981 1675 1301 1716 renascentur.
1374 1668 1770 1730 Sanguisugarum

174 1741 222 1785 in
254 1739 342 1785 olla
374 1739 709 1787 conbustarum
742 1742 883 1786 tritus
913 1739 1242 1786 delicatissime
1274 1740 1392 1785 cinis
1423 1745 1469 1785 et
1491 1738 1634 1785 vulsis
1663 1739 1770 1800 pilis

174 1808 502 1870 palpebrarum
541 1811 774 1871 inpositus
811 1809 883 1856 vel
920 1811 1164 1870 inspersus
1195 1810 1379 1855 renasci
1410 1823 1490 1855 eos
1521 1823 1614 1855 non
1634 1811 1770 1856 sinit.

93 1879 328 1940 185Adipe
368 1879 503 1926 vituli
541 1881 580 1925 si
610 1879 858 1941 palpebras
890 1881 1144 1926 crassiores
1174 1880 1468 1940 perunxeris,
1499 1878 1771 1925 extenuabis
1795 1889 1835 1920 25

178 1963 255 1995 eas
294 1954 340 1995 et
379 1949 434 1995 ad
467 1950 710 1996 sanitatem
742 1950 986 2010 perduces.
1045 1949 1266 1995 Eiusdem
1298 1948 1497 1994 medulla
1529 1963 1634 1994 cum
1667 1963 1772 1995 cera

177 2026 223 2065 et
267 2018 367 2064 oleo
413 2033 607 2065 rosaceo
646 2021 807 2080 aequis
844 2019 1132 2080 ponderibus
1171 2018 1417 2079 liquefacta
1463 2023 1508 2064 et
1545 2019 1771 2078 permixta

177 2094 223 2135 et
267 2088 322 2134 ad
370 2089 610 2150 emplastri
652 2089 842 2136 modum
886 2090 1087 2150 inposita
1130 2089 1324 2135 duritias
1362 2087 1688 2148 palpebrarum
1727 2094 1774 2134 et

154 2159 218 2204 si
259 2173 347 2219 qua
389 2158 484 2205 illic
521 2161 568 2204 in
607 2159 797 2205 modum
834 2158 1085 2220 pilularum
1123 2164 1400 2219 nascuntur,
1446 2157 1684 2204 conmollit
1720 2172 1773 2204 ac

94 2228 389 2275 186discutit.
462 2210 699 2290 Aegilopia
747 2229 963 2275 emendat
1005 2230 1143 2274 fimus
1189 2227 1484 2274 columbinus
1538 2241 1594 2272 ex
1638 2233 1768 2273 aceto
1793 2239 1834 2269 30

179 2304 341 2344 coctus
380 2305 426 2344 et
462 2298 645 2358 inlitus;
684 2300 926 2345 cicatrices
962 2312 1148 2359 quoque
1180 2297 1421 2343 oculorum
1456 2302 1502 2342 et
1533 2296 1773 2357 albugines

96 2377 174 2414 187
188 2369 304 2414 mire
344 2368 559 2428 detergit.
617 2368 774 2415 Inulae
813 2370 1017 2414 rusticae
1054 2368 1183 2414 radix
1215 2366 1361 2413 valide
1393 2366 1773 2413 commanducata

179 2444 225 2483 et
257 2453 363 2484 cum
395 2453 507 2485 suco
540 2452 623 2484 suo
654 2440 855 2499 inposita
887 2437 1117 2498 aegilopas
1147 2442 1363 2497 potenter
1390 2436 1624 2499 emendat3
1656 2450 1773 2497 quae

180 2509 285 2568 quia
327 2507 406 2554 ubi
443 2510 622 2554 aruerit
659 2508 802 2570 cadit,
839 2509 1088 2569 recentior,
1127 2507 1274 2552 donec
1310 2511 1543 2568 persanet,
1582 2506 1772 2552 adsidue

293 2673 315 2710 9
348 2668 651 2712 calliblefario.
792 2675 838 2711 11
871 2682 1023 2724 ysopo,
1150 2672 1199 2710 12
1230 2668 1376 2709 mirra.
1506 2673 1555 2710 13
1588 2667 1774 2722 spicillo.

181 2729 231 2766 15
262 2725 620 2778 vespertillionis.
737 2729 788 2766 25
820 2724 1110 2779 perunexeris.
