1898 3016
743 101 1084 151 ,61-

123 248 228 279 cum
273 233 346 277 ovi
391 237 558 291 aquato
603 231 783 292 liquore
828 243 912 291 per
950 244 1012 276 se.
1086 228 1277 275 Necnon
1315 234 1361 274 et
1397 228 1486 274 hoc
1523 227 1714 289 collyrio
1746 235 1770 273 5

123 301 312 363 quidam
341 301 389 346 in
420 302 568 346 initiis
599 306 809 358 utuntur,
849 299 970 360 quod
1002 313 1026 344 a
1057 300 1244 344 cinereo
1276 297 1431 344 colore
1464 297 1715 358 spodiacon

123 369 402 432 appellatur,
439 371 720 430 conponitur
758 376 912 415 autem
951 383 1006 415 ex
1044 367 1138 414 his:
1185 367 1400 414 Cadmiae
1438 366 1716 429 botryitidos

123 447 254 487 ustae
300 454 441 500 super
489 445 627 500 testa,
672 439 819 485 donec
865 437 1131 499 candescat,
1177 442 1224 483 et
1261 438 1367 483 vino
1405 435 1602 483 Falerno
1642 451 1715 482 ex-

82 523 102 554 5
125 511 296 556 tinctae
329 508 367 554 X
399 508 490 569 XL,
525 516 680 555 cretae
713 508 893 554 Samiae
925 522 1063 568 quam
1094 513 1245 553 astera
1277 511 1442 552 vocant
1472 505 1512 551 X
1538 505 1718 568 LXXX,

125 579 253 625 stibii
290 580 410 624 cocti
449 577 488 624 X
517 577 623 639 XX,
668 579 745 638 opi
776 578 814 623 X
846 577 902 640 V,
947 578 1148 637 gummis
1185 575 1520 622 Alexandrinae
1552 575 1591 621 X
1620 574 1718 621 XX.

124 648 364 694 Teruntur
414 647 527 694 haec
580 649 732 693 omnia
784 646 974 708 pluviali
1025 660 1142 707 aqua
1195 653 1445 707 macerata,
1504 644 1718 692 ultimum

124 719 300 779 gummi
344 717 557 763 adicitur.
629 718 748 763 Ante
787 730 896 762 sane
935 721 1089 762 cetera
1127 715 1182 761 ad
1220 715 1454 761 levitatem
1492 729 1719 762 summam

125 794 338 833 terantur
383 793 430 833 et
474 801 531 832 ne
576 788 726 847 prima
771 785 978 832 tunicula
1023 784 1147 832 oculi
1191 798 1328 830 exesa
1372 784 1538 830 aliasve
1592 783 1719 830 exul-

67 870 108 901 10
132 863 285 903 cerata
331 858 410 919 sit,
457 862 509 902 ut
552 869 723 917 purum
768 855 904 902 ulcus
949 856 1022 917 sit,
1068 854 1263 900 diluitur
1308 855 1382 899 ovi
1426 853 1549 916 albo,
1596 853 1719 914 quod

127 933 199 972 est
236 926 333 972 fere
371 927 711 972 tenuissimum.
782 923 1033 986 Collyrium
1071 925 1372 984 psittacinum
1410 937 1434 969 a
1473 923 1626 969 colore
1658 924 1721 969 ita
1752 933 1776 970 6

129 996 304 1042 dictum
344 996 454 1042 facit
491 995 547 1042 ad
585 995 808 1056 epiforas,
848 1008 964 1055 quae
1003 1008 1110 1040 cum
1149 994 1279 1040 tenui
1317 999 1363 1039 et
1400 994 1497 1039 acri
1533 992 1723 1039 lacrima

130 1067 355 1127 existunt,
393 1066 504 1111 item
543 1064 598 1110 ad
636 1066 846 1110 ustiones
885 1069 931 1110 et
969 1062 1143 1109 solutas
1181 1063 1425 1109 cicatrices
1463 1069 1509 1109 et
1544 1069 1723 1109 vastum

129 1142 374 1196 tumorem,
413 1134 535 1195 quod
567 1135 673 1195 quia
704 1133 806 1180 loco
835 1133 1071 1180 interdum
1103 1133 1287 1179 videtur
1323 1131 1585 1193 propellere
1616 1146 1724 1178 ocu-

69 1214 108 1245 15
132 1203 249 1266 lum,
293 1205 536 1264 proptosin
579 1210 764 1265 vocant,
811 1217 918 1249 cum
955 1204 1028 1248 ovi
1065 1201 1168 1248 albo
1208 1202 1332 1263 quod
1371 1207 1442 1248 est
1478 1209 1618 1248 tenue
1656 1203 1723 1247 in-

130 1275 341 1336 ponitur,
386 1273 466 1319 sed
504 1274 755 1333 praecipue
794 1272 922 1333 facit,
969 1286 1074 1318 cum
1113 1273 1247 1332 quasi
1291 1272 1515 1332 sanguine
1561 1271 1726 1318 suffusi

132 1349 242 1389 sunt
279 1342 403 1389 oculi
441 1348 487 1388 et
524 1342 582 1388 ob
618 1342 664 1388 id
703 1341 881 1388 nullum
919 1343 1008 1387 nisi
1045 1340 1336 1387 lenissimum
1375 1340 1616 1402 collyrium
1647 1355 1724 1401 pa-

133 1413 336 1475 tiuntur,
380 1413 549 1472 recipit
591 1416 746 1458 autem
790 1411 925 1457 haec:
978 1409 1112 1457 Croci
1143 1409 1317 1473 XIIII,
1362 1410 1568 1456 cadmiae
1604 1410 1725 1457 lotae

134 1480 173 1526 X
203 1481 307 1542 1111,
343 1481 450 1528 stibi
481 1480 520 1527 X
552 1480 656 1542 1111,
688 1482 766 1541 opi
796 1480 835 1526 X
865 1480 925 1543 ΙΙ,
957 1482 1157 1540 gummis
1188 1479 1227 1525 X
1258 1479 1320 1542 II,
1351 1479 1493 1526 amuli
1523 1481 1727 1526 recentis

70 1561 111 1591 20
135 1556 180 1596 et
225 1550 481 1597 dulcissimi
519 1549 686 1596 XIIII.
745 1549 921 1596 Eodem
960 1549 1137 1611 ordine,
1177 1563 1268 1610 quo
1307 1550 1480 1610 scripta
1519 1555 1642 1611 sunt,
1680 1551 1728 1595 in

132 1621 355 1666 mortario
407 1619 579 1666 debent
630 1621 720 1666 teri
771 1633 827 1665 ex
865 1634 982 1680 aqua
1020 1618 1221 1679 pluviali.
1295 1618 1513 1665 Amulum
1558 1625 1727 1680 autem,

133 1703 239 1736 cum
287 1691 377 1735 iam
423 1689 691 1750 fingendum
738 1690 826 1735 erit
864 1688 1129 1751 collyrium,
1174 1688 1414 1735 adicietur.
1488 1688 1727 1735 Interdum

133 1764 286 1805 autem
329 1764 375 1805 et
410 1758 499 1804 hoc
537 1761 1000 1820 superinunguantur
1039 1759 1120 1819 qui
1157 1759 1290 1818 prius
1327 1757 1607 1818 Athenippio
1647 1773 1725 1804 cu-

134 1829 223 1874 rati
273 1835 395 1875 sunt.
469 1828 551 1874 His
596 1829 694 1873 fere
741 1827 943 1889 collyriis
987 1827 1171 1874 lenibus
1224 1829 1398 1890 omnia,
1452 1842 1569 1888 quae
1622 1842 1729 1874 cum

76 1909 116 1940 25
139 1904 321 1944 tumore
359 1903 405 1944 et
443 1897 600 1943 dolore
640 1898 757 1944 fiunt
794 1899 916 1944 circa
956 1897 1130 1959 oculos,
1168 1897 1493 1943 remediamus.
1552 1896 1727 1944 Perun-
1762 1907 1784 1944 7

136 1969 313 2013 ctiones
345 1967 586 2014 oculorum
618 1967 910 2028 lippientium
949 1969 1043 2013 sive
1082 1968 1392 2028 inunctiones,
1428 1980 1545 2027 quae
1577 1966 1729 2027 appel-

135 2036 291 2083 lantur
342 2037 610 2098 galacticae,
661 2036 928 2083 huiusmodi
983 2044 1112 2083 sunt:
1165 2035 1556 2096 Crocomagmatis
1609 2035 1648 2082 X
1697 2035 1730 2097 I,

136 2120 317 2167 myrrae
363 2112 408 2152 et
453 2108 580 2153 croci
619 2106 657 2152 X
694 2105 794 2168 VII,
840 2105 1055 2152 aluminis
1099 2106 1198 2151 fissi
1236 2104 1275 2151 X
1305 2105 1383 2168 VI,
1428 2107 1548 2152 turis
1589 2105 1628 2150 X
1660 2104 1730 2166 VI,

137 2178 335 2237 gummis
367 2175 406 2221 X
430 2175 507 2236 VI,
539 2190 671 2222 rosae
701 2175 830 2222 floris
862 2175 901 2220 X
924 2175 994 2221 VI.
1054 2174 1169 2221 Vino
1201 2174 1314 2221 Chio
1346 2189 1439 2221 non
1470 2175 1590 2221 salso
1623 2189 1730 2221 con-

74 2256 295 2307 aospersa
334 2251 553 2292 teruntur
590 2245 703 2291 haec
742 2246 893 2291 omnia
933 2245 1199 2306 diligenter,
1238 2244 1405 2290 deinde
1443 2244 1652 2290 confecta
1684 2246 1732 2290 in

138 2314 339 2376 collyriis
388 2321 467 2362 aut
510 2314 666 2376 pilulis
714 2322 1019 2376 reponuntur.
1093 2314 1344 2360 Perunctio
1389 2314 1631 2360 oculorum
1676 2314 1731 2360 ad
1764 2324 1788 2361 8

138 2398 321 2430 omnem
361 2384 629 2445 epiphoram
669 2386 780 2430 satis
819 2384 967 2431 utilis:
1016 2383 1150 2430 Croci
1194 2409 1250 2416 —
1293 2383 1333 2445 1,
1370 2398 1556 2430 murrae
1596 2409 1661 2415 —
1700 2382 1732 2446 Ι,

140 2455 521 2514 crocomagmatis
556 2479 615 2487 —
649 2453 689 2517 Ι,
727 2455 848 2500 aeris
886 2454 1014 2500 ssoris
1050 2479 1108 2486 —
1143 2452 1182 2515 I,
1218 2452 1434 2499 aluminis
1472 2453 1570 2499 fissi
1605 2478 1665 2485 —-
1699 2453 1733 2514 I,

140 2525 260 2569 turis
294 2521 338 2570 52.
409 2523 478 2569 Ex
516 2525 620 2570 vino
652 2530 870 2570 teruntur
907 2523 1022 2570 haec
1053 2524 1238 2584 optime.
1301 2522 1383 2568 His
1415 2522 1610 2569 Cosmus
1640 2537 1733 2568 me-

254 2689 278 2725 3
309 2685 550 2738 botryidos.
689 2690 712 2726 5
742 2689 837 2738 post
867 2688 1015 2727 astera
1044 2685 1144 2727 add.
1177 2683 1348 2726 samias.
1488 2689 1537 2725 12
1570 2684 1634 2738 et]
1667 2684 1736 2726 sit.

41 2762 46 2766 -
125 2742 198 2780 ·15
229 2739 517 2794 promptosin.
634 2744 685 2782 23
716 2739 938 2794 henippio.
1056 2744 1107 2782 27
1139 2739 1370 2793 galaticae.
