1898 3016
744 80 1120 172 ss243—

139 252 227 299 hoc
271 251 559 298 medicamen
606 250 853 298 adhibetur
896 256 1089 311 propter
1127 248 1386 295 molestiam
1426 248 1631 310 sudoris,
1675 262 1734 295 ne

140 323 397 383 umigatnm
442 322 672 368 infirmius
717 321 817 383 fiat3
861 322 962 381 ipso
1009 326 1163 366 tamen
1202 318 1298 381 die,
1337 333 1428 380 quo
1468 318 1733 366 consectum

139 391 295 454 suerit,
334 392 487 437 statim
528 391 667 438 debet
703 390 886 452 adponi,
924 404 1015 450 quo
1054 388 1294 435 efficacius
1330 389 1482 450 proiit.

278 461 346 507 Ad
385 460 593 521 splenem
630 459 888 507 remedium
928 459 1115 506 efficax:
1151 457 1234 504 Die
1272 457 1392 504 Iovis
1430 457 1587 504 liduna
1624 459 1730 504 sini-
1763 465 1815 505 78

97 543 116 576 5
140 537 290 578 strum
320 530 485 590 pedem
517 530 695 577 nudum
725 532 773 576 in
805 529 1034 590 caprofico
1059 535 1214 590 ponet,
1246 530 1326 589 qui
1350 527 1534 574 dolores
1559 527 1733 588 splenis

138 602 357 662 patietur,
395 607 441 646 et
478 601 715 660 corticem,
758 605 981 660 quantum
1020 612 1102 659 pes
1140 598 1242 644 eius
1279 599 1521 659 presserit,
1557 597 1734 644 incidet

140 683 334 731 eamque
380 668 533 716 tribus
578 669 706 715 horis
751 668 808 714 de
854 669 995 714 fascia
1041 667 1095 713 ad
1143 666 1351 729 splenem
1389 669 1586 729 positam
1625 681 1733 714 con-

139 740 351 801 stringet,
390 738 616 785 sublatam
654 737 763 784 inde
802 737 999 784 fumario
1039 737 1294 798 suspendet
1327 752 1479 798 neque
1510 751 1733 798 umquam

139 815 219 854 aut
255 810 355 868 ipse
393 807 650 854 removebit
687 813 766 854 aut
803 808 1044 868 permittet
1081 806 1137 852 ab
1176 806 1330 868 aliquo
1369 807 1479 853 tolli.

76 891 116 922 10
278 877 346 924 Ad
391 876 598 939 splenem
643 876 902 923 remedium
946 875 1153 922 subitum
1191 883 1330 937 atque
1369 876 1563 923 subtile:
1615 875 1732 922 Tres
1764 884 1815 922 79

136 948 312 994 caricas
356 949 402 993 in
446 955 578 993 aceto
617 948 790 1007 optimo
829 959 1022 1006 vespere
1060 945 1253 992 infunde
1293 951 1339 992 et
1375 960 1509 991 mane
1546 947 1731 992 ieiunus

136 1031 214 1063 eas
251 1018 409 1077 accipe
448 1023 494 1062 et
530 1016 619 1062 hoc
657 1031 740 1077 per
778 1015 985 1062 triduum
1031 1015 1194 1078 facit03
1239 1022 1346 1076 post
1389 1015 1477 1062 hoc
1524 1015 1638 1061 serri
1676 1030 1731 1061 ex

137 1100 274 1133 causa
312 1086 368 1132 ad
397 1086 487 1132 hoc
518 1086 628 1132 facti
657 1085 905 1132 massulam
937 1092 1009 1131 ter
1042 1085 1283 1131 ardentem
1315 1087 1534 1146 extingue
1566 1099 1620 1131 ex
1652 1099 1731 1146 po-

137 1156 262 1201 tione
294 1154 562 1202 absinthiati
594 1161 638 1202 et
668 1154 776 1201 bibe
808 1161 947 1215 atque
977 1154 1066 1201 hoc
1096 1168 1181 1216 per
1211 1154 1419 1201 triduum
1451 1155 1603 1202 facito.
1662 1155 1730 1201 Ad
1762 1163 1815 1201 80

74 1238 113 1270 15
138 1224 312 1285 splenis
336 1225 542 1271 dolorem
567 1226 820 1287 cuminum,
846 1230 1069 1285 quantum
1095 1223 1248 1270 tribus
1272 1224 1430 1284 digitis
1450 1226 1602 1285 possis
1623 1239 1730 1271 con-

135 1294 443 1356 prehendere,
470 1309 576 1341 cum
595 1295 700 1340 vino
718 1295 881 1340 tritum
899 1295 1055 1340 ieiuno
1072 1293 1299 1341 laboranti
1317 1293 1447 1340 dabis
1464 1293 1730 1340 bibendum.

760 1445 884 1493 CAP.
923 1445 1105 1492 XXIIII.

180 1504 481 1578 Pleuriticis
519 1532 576 1577 et'
608 1535 839 1577 laterum
878 1533 1155 1576 doloribus
1193 1534 1429 1576 remedia
1463 1535 1684 1587 physica.

323 1607 378 1647 et:
412 1603 747 1648 rationabilia.
785 1603 997 1646 diversa.
1035 1603 1102 1646 de
1141 1603 1537 1657 experimentis.

272 1710 494 1772 Malagma
540 1710 596 1756 ad
640 1709 799 1757 lateris
845 1718 891 1757 et
927 1712 1132 1772 pectoris
1170 1710 1376 1756 dolorem
1416 1716 1463 1757 et
1500 1710 1726 1772 quidquid
1761 1720 1782 1756 1

132 1780 378 1827 molestum
417 1795 472 1826 ex
509 1780 811 1841 perfrictione
846 1780 1103 1842 colligitur-3
1141 1779 1260 1826 bene
1300 1782 1423 1826 enim
1463 1780 1645 1827 calfacit
1683 1788 1729 1827 et

132 1850 236 1896 ideo
275 1850 330 1896 ad
369 1864 553 1896 omnem
591 1849 797 1898 dolorem
835 1850 1047 1911 prodest,
1092 1850 1338 1896 conficitur
1380 1852 1468 1896 sic:
1516 1849 1728 1897 Samsuci

70 1933 111 1962 20
134 1921 318 1966 contusi
349 1921 648 1981 semunciam,
678 1921 761 1966 iris
790 1927 1010 1966 contusae
1035 1919 1173 1981 idem,
1198 1921 1357 1980 cyperi
1382 1921 1566 1966 contusi
1589 1920 1727 1983 idem,

131 1990 313 2035 resinae
360 1987 698 2035 terebinthinae
738 1988 785 2035 P.
819 1988 871 2051 S,
917 2003 1050 2035 cerae
1089 1988 1136 2034 P.
1168 1987 1208 2050 1,
1253 1987 1342 2035 olei
1380 1990 1560 2050 cyprini
1598 1988 1647 2035 P.
1682 1989 1726 2051 S,

131 2060 226 2104 vini
263 2058 445 2104 Aminei
482 2055 530 2103 δ*
562 2058 592 2104 Ι.
657 2057 707 2103 ln
746 2058 834 2104 hoc
874 2073 990 2119 quae
1030 2058 1155 2104 arida
1196 2064 1306 2104 sunt
1344 2065 1537 2105 contusa
1576 2073 1724 2106 mace-

129 2133 295 2174 rantur
333 2142 426 2174 uno
466 2127 539 2173 die
578 2134 624 2173 et
660 2135 797 2174 nocte
837 2142 942 2174 cum
981 2127 1105 2190 ole03
1151 2142 1257 2174 cera
1303 2134 1349 2174 et
1386 2130 1540 2174 resina
1579 2128 1724 2190 lique-

129 2198 247 2243 fiunt
284 2197 339 2243 ad
377 2199 554 2258 ignem,
599 2196 765 2243 deinde
805 2197 1210 2258 superfunduntur
1247 2199 1353 2243 vino
1393 2204 1439 2244 et
1475 2200 1725 2258 pigmentis

66 2278 106 2310 25
130 2269 375 2313 maceratis
415 2264 504 2327 [et]
543 2268 802 2312 miscentur
834 2281 886 2313 ac
918 2266 1130 2313 manibus
1162 2267 1241 2313 diu
1275 2266 1571 2327 subiguntur.
1625 2266 1724 2314 Hoc

129 2343 235 2397 post
266 2336 365 2383 dies
390 2334 517 2382 XXX
548 2336 784 2382 efficacius
809 2335 1021 2399 prodest3
1052 2338 1185 2383 initio
1210 2337 1336 2382 enim
1360 2336 1570 2383 umidum
1595 2336 1723 2383 valde

131 2412 201 2451 est
239 2412 284 2452 et
321 2407 395 2452 vix
433 2405 617 2452 inlitum
654 2412 822 2452 manet.

269 2475 490 2535 Malagma
528 2475 583 2521 ad
618 2477 940 2522 contusionem
974 2475 1146 2537 lateris,
1183 2474 1307 2521 idem
1341 2475 1450 2521 facit
1483 2482 1529 2521 et
1559 2475 1613 2521 ad
1646 2490 1720 2522 su·
1752 2485 1777 2522 2

132 2550 311 2604 spectas
356 2546 557 2591 vomicas
610 2552 689 2591 aut
733 2546 822 2591 iam
876 2545 1019 2591 factas
1074 2546 1243 2606 aperit,
1290 2551 1531 2605 praeterea
1584 2542 1722 2607 <ad>

269 2653 293 2690 5
315 2661 428 2703 pone
452 2652 507 2692 et.
576 2655 598 2692 7
625 2651 721 2693 oris.
794 2655 818 2692 9
835 2650 1066 2704 permittit.
1137 2655 1185 2691 12
1203 2650 1395 2693 tridium.
1479 2654 1530 2692 13
1553 2664 1718 2693 masso-

127 2705 231 2747 lam.
293 2710 344 2747 16
362 2706 677 2749 laborantibus,
742 2711 792 2748 18
810 2706 1056 2760 collegitur.
1118 2710 1168 2747 21
1189 2705 1496 2749 terebintinae.
1555 2711 1607 2748 22
1633 2719 1720 2747 am-

126 2760 272 2804 minei.
350 2765 402 2803 25
437 2763 481 2803 et
509 2763 678 2806 inclusi.
754 2767 807 2804 26
839 2761 1080 2806 humidum.
1149 2766 1201 2804 29
1225 2762 1283 2805 ad
1308 2763 1463 2805 addidi
1486 2775 1506 2805 e
1528 2763 1720 2806 Scribon.

1387 2832 1472 2874 16*
