1898 3016
770 110 1144 161 —167—

159 240 388 286 stissimae
418 264 487 271 ——
511 236 546 282 V
583 239 851 285 intromisso
889 240 936 285 in
977 252 1083 285 vase
1119 239 1225 299 igne
1264 237 1489 286 dissolves
1527 239 1747 287 eundem-

159 323 249 370 que
273 308 501 370 liquorem
525 307 725 355 calidum
749 309 918 355 ceteris
941 307 1084 355 rebus
1108 308 1279 355 adicies
1303 309 1549 370 omniaque
1574 310 1749 370 pariter

158 392 299 441 super
329 392 495 439 aquam
526 377 781 424 ferventem
813 379 1024 426 remittes
1055 384 1102 425 et
1131 377 1277 425 calida
1308 377 1522 438 pthisicis
1549 378 1748 426 bibenda

156 447 416 508 praebebis.
469 446 651 494 Herbae
688 449 949 495 senecionis
979 448 1140 494 viridis
1170 455 1391 494 contusae
1424 454 1470 494 et
1500 462 1748 509 expressae
1778 459 1832 497 90

92 530 114 561 5
158 531 300 564 sucus
338 517 393 563 ad
432 531 699 563 mensuram
737 517 891 578 cyathi
928 519 1068 565 unius
1112 532 1197 579 per
1235 517 1334 564 dies
1373 517 1581 578 singulos
1618 520 1749 580 potui

158 586 294 633 datus
331 586 546 648 pthisicis
583 587 701 632 miro
732 587 939 634 remedio
978 594 1062 650 est,
1101 589 1141 634 si
1177 587 1437 634 interiectis
1474 586 1639 634 diebus
1680 588 1749 634 vel

156 658 328 718 septies
371 657 661 717 propinetur.
735 655 883 703 Rutae
928 664 1117 704 tenerae
1167 658 1395 704 contritae
1441 671 1547 703 cum
1595 671 1747 704 ramu·
1778 669 1829 706 91

156 725 298 772 sculis
342 727 441 772 suis
485 733 532 773 et
575 739 821 786 expressae
869 741 1010 773 sucus
1048 741 1154 774 cum
1192 725 1477 788 aliquantulo
1515 726 1745 774 bitumine

155 809 211 842 ex
248 797 355 842 vino
392 801 548 842 vetere
587 794 734 841 calido
773 792 980 858 (datur)
1011 796 1240 860 pthisicis,
1271 795 1488 843 celeriter
1518 796 1746 844 sanabun-

92 877 132 909 ιο
154 871 252 927 tur,
297 865 510 911 similiter
554 871 600 911 et
644 866 867 926 empyicis
904 867 952 912 in
997 872 1110 927 potu
1158 865 1205 912 id
1242 865 1468 912 medetur.
1547 865 1747 913 Oleastri
1777 878 1830 915 92

154 934 260 981 folia
291 934 472 981 sibene
502 934 692 981 decocta
723 934 895 982 dentur
926 937 1163 998 empyicis,
1193 935 1411 982 celeriter
1442 935 1746 983 sanabuntur.

292 1004 563 1051 Antidotum
608 1004 822 1064 pthisicis
866 1004 1229 1066 incomparabile
1275 1006 1363 1052 sic:
1422 1004 1607 1066 Piperis
1656 1005 1748 1052 albi
1778 1017 1831 1054 93

157 1068 216 1140 ᾃι
247 1073 323 1135 ΙΙΙ,
361 1088 541 1135 myrrae
582 1068 642 1141 ‘9‘
674 1074 707 1136 1,
746 1076 1024 1135 opopanacis
1063 1069 1125 1141 ,91
1156 1075 1196 1137 Ι,
1235 1076 1356 1121 turis
1394 1074 1588 1121 masculi
1620 1069 1682 1141 ‘9⁴
1714 1074 1747 1137 I,

153 1145 247 1204 opii
286 1138 347 1210 ᾖ
378 1143 411 1206 Ι,
449 1145 575 1190 croci
615 1143 759 1190 Siculi
800 1138 861 1210 9⁴
892 1144 924 1206 I,
962 1144 1213 1205 zingiberis
1245 1138 1306 1210 „9³
1338 1143 1392 1206 ΙΙ,
1431 1144 1595 1191 laseris
1627 1139 1688 1211 9⁴
1713 1144 1746 1206 Ι,

89 1226 130 1258 15
153 1219 284 1259 rutae
324 1212 473 1259 siccae
513 1207 574 1279 ,θ’
606 1212 662 1276 ΙΙ,
699 1213 910 1260 abrotani
949 1209 1010 1280 „9³
1041 1213 1096 1275 ΙΙ,
1133 1216 1332 1260 narcissi
1363 1208 1424 1280 „9⁴
1456 1213 1511 1276 ΙΙ,
1550 1216 1747 1261 vettoni-

152 1296 231 1329 cae
272 1276 333 1348 ᾃσ
365 1281 425 1346 ΙΙ,
463 1282 690 1329 marrubii
729 1277 789 1349 9⁴
821 1283 882 1346 ΙΙ,
919 1283 1047 1345 pulei
1085 1277 1147 1350 „9-
1178 1282 1254 1345 ΙΙΙ,
1296 1283 1445 1329 mellis
1483 1283 1748 1345 despumati

151 1353 314 1413 optimi
351 1350 399 1398 8
431 1351 472 1414 I,
510 1353 600 1398 vini
638 1351 821 1399 Aminei
860 1354 1169 1415 quartarium,
1205 1354 1450 1414 papaveris
1486 1354 1588 1399 triti
1619 1348 1680 1420 ᾃα
1712 1353 1745 1400 Ι.

150 1420 218 1467 Ex
273 1435 568 1482 quocumque
619 1421 802 1482 liquore
857 1422 947 1469 hoc
999 1422 1212 1484 pthisicis
1263 1424 1563 1484 propinatum
1615 1422 1746 1470 valde

150 1491 372 1551 prodesse
410 1497 715 1553 memoratur,
752 1493 815 1538 ita
853 1498 905 1538 ut
942 1492 998 1538 de
1037 1493 1252 1539 contritis
1283 1492 1531 1553 diligenter
1567 1494 1746 1540 mixtis-

86 1572 127 1603 20
152 1574 241 1621 que
280 1560 527 1622 speciebus
565 1562 793 1621 catapotia
831 1562 943 1607 fiant
973 1561 1292 1623 magnitudine
1326 1561 1479 1625 fabae3
1518 1576 1636 1623 quae
1667 1568 1747 1610 aut

149 1631 329 1690 integra
360 1630 616 1676 haurienda
646 1637 727 1677 aut
755 1630 1003 1692 liquefacta
1036 1631 1207 1678 dentur
1236 1637 1283 1677 et
1309 1646 1443 1679 mane
1468 1637 1515 1678 et
1537 1646 1743 1693 vespera.

288 1699 571 1746 Trochiscus
617 1700 664 1746 di
708 1700 886 1747 electru
929 1702 1360 1761 praestantissimus
1399 1701 1454 1747 ad
1493 1704 1742 1763 aemoptyi-
1774 1713 1829 1751 94

149 1783 246 1831 cos,
282 1769 329 1815 id
362 1775 434 1815 est
464 1771 736 1829 sanguinem
767 1769 840 1816 vel
870 1777 1142 1817 excreantes
1173 1770 1245 1817 vel
1275 1777 1516 1817 vomentes
1546 1771 1619 1817 vel
1649 1786 1744 1833 eos,

150 1840 231 1898 qui
267 1839 465 1884 maxime
503 1853 611 1885 cum
648 1840 768 1886 tussi
804 1842 1077 1901 sanguinem
1115 1843 1300 1902 iactant,
1338 1840 1478 1887 huius
1513 1840 1743 1888 confectio

87 1921 126 1951 25
150 1909 238 1954 sic:
290 1907 426 1954 Croci
465 1902 526 1974 9*
557 1907 657 1971 XV,
696 1910 849 1955 sucini
887 1904 948 1976 9³
984 1909 1084 1972 XV,
1126 1911 1332 1956 masticis
1371 1909 1511 1956 Chiae
1550 1904 1612 1977 ᾃα
1651 1909 1743 1973 XV,

149 1978 232 2023 iris
269 1976 476 2038 Illyricae
515 1971 576 2044 9-
609 1977 701 2040 XV,
739 1980 834 2039 opii
873 1978 910 2024 X
940 1979 981 2025 11
1014 1979 1069 2042 S,
1107 1978 1274 2042 psyllii,
1313 1979 1436 2040 quod
1475 1986 1547 2026 est
1584 1994 1745 2027 semen

148 2048 336 2107 nigrum
378 2048 610 2093 minutum
656 2047 890 2109 pulicibus
942 2049 1112 2112 simile,
1155 2075 1213 2081 —
1247 2048 1288 2094 ΙΙ
1321 2048 1365 2095 S.
1438 2048 1537 2096 Hoc
1583 2064 1744 2096 semen

149 2130 323 2177 coques
360 2118 408 2162 in
446 2116 630 2163 hemina
668 2131 827 2180 aquae,
865 2117 1015 2165 donec
1054 2118 1196 2165 densa
1226 2118 1319 2179 fiat,
1351 2119 1743 2180 quemadmodum

150 2186 205 2232 de
244 2185 327 2232 lini
364 2187 555 2248 semine,
595 2201 732 2247 quam
764 2186 938 2234 colabis
968 2195 1130 2249 postea
1161 2194 1208 2234 et
1237 2188 1417 2248 reliqua
1448 2190 1602 2234 omnia
1632 2190 1744 2236 trita

86 2268 127 2298 30
151 2269 206 2302 ex
243 2254 329 2302 hac
361 2269 478 2316 aqua
509 2255 698 2316 colliges
730 2263 776 2303 et
806 2256 1026 2304 formabis
1057 2257 1315 2304 trochiscos
1345 2257 1572 2304 habentes
1602 2260 1744 2305 maxi,

148 2339 249 2371 mos
288 2319 349 2391 ᾃ-
380 2324 465 2371 IIII
498 2324 550 2388 S,
589 2325 702 2372 alios
741 2320 802 2393 91
834 2325 895 2372 111
928 2326 979 2389 8,
1017 2328 1234 2373 minimos
1273 2341 1423 2387 usque
1461 2327 1518 2373 ad
1551 2321 1613 2393 „9³
1643 2327 1663 2373 I
1695 2327 1740 2374 8.

148 2393 215 2440 Ita
246 2408 356 2455 ergo
387 2395 541 2456 facieS,
574 2402 626 2442 ut
655 2410 741 2456 pro
772 2403 922 2442 aetate
954 2411 1077 2443 unus
1108 2398 1307 2458 quisque
1340 2403 1386 2443 et
1416 2411 1501 2457 pro
1526 2398 1739 2459 corporis

148 2464 366 2510 firmitate
405 2466 616 2525 accipere
656 2467 816 2526 possit.

289 2533 356 2579 Ad
395 2548 488 2595 eos,
527 2536 608 2595 qui
645 2536 950 2596 sanguisugas
988 2537 1124 2581 inscii
1162 2535 1398 2594 devorant,
1439 2537 1656 2583 cimicum
1693 2538 1742 2583 in
1772 2546 1826 2585 95

289 2643 314 2679 4
345 2638 588 2694 senitionis,
619 2641 718 2682 item
748 2642 870 2693 infra
900 2642 1082 2694 saepius.
1155 2646 1179 2682 9
1211 2642 1341 2683 datur
1370 2642 1536 2684 addidi.
1614 2646 1665 2684 10
1694 2642 1740 2684 in

148 2705 227 2735 om..
290 2698 339 2735 13
364 2694 536 2736 mitrae.
601 2700 650 2737 16
674 2695 817 2738 mellis
835 2697 1085 2750 despumati
1101 2696 1259 2751 optimi
1276 2693 1335 2755 ,ἓ-
1353 2697 1385 2740 Ι.
1445 2702 1497 2739 22
1523 2697 1741 2751 emoptoi-

148 2760 233 2791 cos.
349 2753 402 2791 26
433 2749 599 2805 psyllii]
631 2751 772 2805 pilliu.
