1898 3016
749 161 810 169 -
886 100 1129 182 aaa-

140 265 389 328 liquefacta
419 270 466 311 et
495 278 600 310 rosa
633 262 833 310 adicitur
862 275 914 308 ac
945 261 1078 322 prius
1101 260 1324 306 mortario
1347 257 1467 305 bene
1491 263 1538 304 et
1560 256 1733 319 pistillo

141 336 389 383 commixta
432 347 574 380 manu
611 338 810 394 utraque
849 330 1144 392 subiguntur.
1217 327 1349 375 Facit
1384 328 1474 374 hoc
1511 327 1735 388 malagma

141 412 188 453 et
231 405 287 452 ad
331 404 493 451 luxum
537 409 584 450 et
628 402 684 450 ad
730 402 894 463 capitis
939 399 1147 447 dolorem
1190 399 1333 444 fronti
1370 399 1733 459 superpositum.

280 474 503 534 Malagma
541 473 597 519 ad
634 472 837 518 lienosos
875 472 962 517 sic:
1003 468 1289 531 Myrobalani
1325 467 1373 514 P.
1404 467 1438 530 I,
1475 467 1734 528 aphronitri
1765 475 1792 511 8

101 558 121 589 5
144 544 183 591 X
214 543 358 607 XXX,
395 543 608 604 capparis
642 541 812 588 radicis
843 540 883 587 X
914 538 1051 603 XXV,
1088 539 1372 586 cardamomi
1403 537 1441 584 X
1471 536 1606 599 XXV,
1645 551 1736 582 am·

142 616 344 662 moniaci
380 618 537 675 guttae
575 610 615 658 X
645 610 787 674 XXX,
824 625 958 658 cerae
988 609 1037 656 P.
1067 609 1100 671 I,
1137 609 1249 655 irini
1295 607 1387 654 olei
1423 607 1471 655 P.
1513 606 1558 653 S.
1621 606 1738 653 Cera

142 686 265 731 irino
304 682 519 745 solvitur,
565 681 735 743 quibus
780 681 1120 727 ammoniacum
1166 684 1296 725 aceto
1337 677 1537 726 dilutum
1575 678 1739 723 misce-

147 759 235 816 tur,
265 758 428 815 postea
458 751 586 798 arida
617 765 734 812 quae
767 756 877 797 sunt
907 748 1109 796 cribrata
1140 748 1458 795 admiscentur
1489 754 1535 793 et
1565 747 1632 793 sic
1659 745 1738 792 diu

143 825 191 870 in
230 823 451 870 mortario
488 826 722 882 teruntur,
761 820 928 866 deinde
966 818 1181 865 manibus
1218 817 1338 864 bene
1376 817 1673 877 subiguntur.

83 907 123 937 10
285 892 674 938 Medicamentum
702 889 823 936 Iunii
847 889 1013 951 Crispi,
1045 888 1169 949 quod
1200 887 1459 948 appellatur
1489 885 1740 948 ambrosia3
1770 893 1795 930 9

145 963 234 1009 hoc
279 976 336 1008 ex
379 960 532 1007 mulso
578 960 738 1006 datum
783 959 974 1005 lienosis
1018 959 1324 1019 praecipuum
1368 961 1576 1017 praestat
1613 956 1739 1002 auxi-

147 1032 285 1094 lium3
321 1031 536 1092 pthisicis
575 1044 760 1090 quoque
799 1035 846 1075 et
882 1028 970 1090 his,
1010 1030 1088 1088 qui
1126 1026 1381 1073 difficulter
1415 1041 1471 1072 ex
1500 1024 1742 1072 imbecilli-

149 1108 242 1148 tate
279 1101 416 1161 longa
452 1100 730 1146 reficiuntur
768 1105 815 1145 et
853 1100 934 1159 qui
971 1097 1079 1144 mali
1110 1103 1221 1144 sunt
1251 1096 1435 1156 coloris,
1472 1109 1656 1142 necnon
1687 1094 1743 1140 ad

150 1171 237 1218 alia
274 1170 419 1217 multa
456 1170 565 1216 vitia
604 1170 715 1215 satis
752 1168 867 1215 utile
906 1174 990 1230 est,
1028 1168 1196 1228 recipit
1232 1166 1367 1213 haec:
1406 1165 1543 1212 Croci
1580 1165 1746 1225 optimi

86 1254 127 1286 15
150 1240 190 1287 X
220 1239 282 1295 ΙΙ,
324 1241 540 1302 cinnami,
578 1238 726 1300 nardi,
764 1239 895 1298 costi,
934 1238 1098 1298 casiae,
1137 1250 1335 1298 myrrae,
1373 1235 1564 1282 schoeni
1600 1234 1744 1295 ssoris,

150 1309 441 1371 singulorum
486 1307 525 1354 X
570 1307 791 1368 singulos.
864 1306 947 1353 His
992 1307 1203 1353 contusis
1248 1311 1294 1352 et
1338 1304 1556 1351 cribratis
1594 1303 1743 1350 mellis

149 1381 293 1426 Attici
344 1379 628 1426 admiscetur
681 1376 804 1439 quod
856 1378 969 1423 satis
1021 1378 1099 1438 sit,
1154 1375 1263 1422 inde
1316 1375 1454 1421 datur
1498 1389 1555 1420 ex
1600 1373 1744 1420 calida

151 1464 268 1510 aqua
314 1448 370 1495 ad
408 1462 549 1509 supra
587 1447 709 1493 dicta
747 1447 900 1493 omnia
938 1447 1048 1492 vitia
1087 1451 1312 1507 quantum
1355 1444 1485 1491 fabae
1523 1444 1745 1490 nostratis

151 1519 317 1565 modus
355 1523 439 1564 est.

86 1602 126 1633 20
288 1587 501 1634 Lienosis
538 1585 731 1647 prodest
765 1585 1006 1647 hyacinthi
1043 1586 1235 1630 seminis
1273 1584 1493 1630 denarius
1525 1583 1745 1629 dimidius
1779 1587 1830 1624 10

149 1664 288 1720 potus
334 1671 391 1703 ex
435 1661 566 1702 aceto
613 1662 659 1702 et
694 1654 853 1717 melle,
896 1654 1054 1715 polion
1099 1653 1244 1700 herba
1281 1653 1354 1700 vel
1391 1654 1603 1699 tamarici
1640 1652 1747 1698 folia

151 1734 231 1774 aut
261 1726 469 1773 eiusdem
502 1739 661 1772 semen
692 1731 771 1771 aut
802 1731 962 1771 cortex
991 1724 1064 1771 vel
1092 1723 1251 1786 herba,
1284 1737 1421 1785 quam
1453 1737 1538 1769 nos
1562 1724 1749 1783 vitrum,

153 1797 318 1843 Graeci
346 1795 511 1842 isatida
543 1801 722 1858 vocant,
754 1808 844 1856 qua
872 1794 1126 1840 infectores
1157 1798 1370 1855 utuntur,
1402 1792 1615 1839 similiter
1642 1798 1748 1852 pota

154 1866 406 1927 plurimum
444 1864 649 1925 prodest.

90 1950 132 1981 25
295 1935 582 1981 Ammoniaci
621 1933 840 1979 denarius
874 1933 1108 1994 dimidius,
1145 1933 1322 1993 piperis
1353 1945 1495 1992 grana
1527 1932 1748 1992 quinque,
1782 1935 1832 1972 11

155 2005 262 2052 rubi
298 2005 451 2051 teneri
488 2001 706 2050 cauliculi
742 2008 861 2064 treS,
906 2002 1021 2049 haec
1066 2004 1115 2048 in
1159 2016 1306 2048 unum
1342 2002 1452 2048 trita
1489 2002 1749 2047 miscentur

156 2082 202 2122 et
240 2074 410 2121 dantur
447 2074 601 2118 omnia
639 2074 796 2118 ieiuno
826 2072 1004 2118 lienoso
1036 2086 1127 2118 una
1158 2072 1347 2131 potione
1379 2085 1435 2117 ex
1466 2071 1586 2117 aceti
1617 2071 1748 2116 semi-

154 2145 290 2191 mixti
333 2142 498 2204 cyatho
543 2156 658 2204 un03
708 2142 826 2187 mire
877 2142 1123 2188 adversum
1175 2140 1384 2187 dolorem
1437 2145 1483 2186 et
1530 2140 1749 2187 duritiam

154 2214 290 2261 lienis
326 2211 532 2274 prodest.

95 2297 135 2328 30
298 2283 519 2343 Capparis
556 2280 726 2327 radicis
756 2279 829 2326 vel
859 2281 1063 2342 corticis,
1101 2279 1257 2326 scillae
1288 2278 1419 2326 bulbi
1448 2279 1567 2325 aridi
1598 2294 1652 2325 ex
1683 2280 1750 2324 in-
1784 2283 1834 2320 12

159 2354 332 2400 teriore
369 2357 523 2414 parte,
561 2350 732 2397 radicis
771 2364 957 2411 quoque
994 2351 1204 2412 panacis,
1244 2348 1536 2409 singulorum
1574 2348 1752 2394 denarii

162 2423 270 2469 deni
301 2422 486 2468 contusi
515 2426 562 2467 et
592 2420 785 2467 cribrati
816 2425 947 2465 aceto
981 2425 1028 2465 et
1055 2419 1192 2466 melle
1217 2425 1605 2480 consparguntur,
1636 2419 1753 2464 fiunt

162 2491 334 2553 pastilli
364 2491 661 2537 denariorum
693 2489 998 2552 singulorum,
1036 2488 1206 2535 dantur
1235 2488 1426 2535 lienosis
1457 2502 1514 2534 ex
1544 2493 1675 2534 aceto
1707 2494 1754 2533 et

164 2560 320 2622 melle3
358 2560 545 2621 quidam
583 2559 863 2606 addiderunt
899 2558 971 2605 his
1002 2560 1178 2619 piperis
1210 2564 1256 2605 et
1285 2560 1393 2605 vitis
1424 2557 1551 2604 albae
1582 2557 1752 2603 radicis

101 2644 142 2675 35
166 2631 381 2676 denarios
417 2630 578 2676 decem
622 2631 772 2676 tritos.
838 2628 968 2675 Facit
1012 2628 1101 2674 hoc
1139 2628 1528 2674 medicamentum
1565 2627 1639 2673 his
1677 2627 1752 2672 ad-

166 2700 276 2746 ditis
313 2706 360 2745 et
397 2699 452 2745 ad
489 2698 768 2760 hydropicos
807 2705 853 2744 et
891 2698 945 2744 ad
982 2699 1284 2760 suspiriosos3
1323 2704 1394 2744 est
1427 2697 1516 2743 hoc
1550 2696 1662 2743 utile
1698 2696 1754 2741 de

166 2771 496 2831 experimento.
