1930 3008
751 56 1123 106 -297—

148 185 345 249 pteridis
389 191 553 233 tunsae
596 191 644 232 et
686 184 810 231 aloes
854 190 1019 231 tunsae
1065 182 1313 244 diligenter
1353 182 1566 245 dragmas
1603 182 1736 230 binas

149 261 196 303 et
230 254 381 302 mellis
417 254 679 317 despumati
716 253 839 315 quod
878 253 1102 312 sufficiat3
1145 252 1255 299 inde
1299 251 1564 300 iunioribus
1608 254 1736 299 iuxta

147 330 345 372 aetatem
390 324 542 387 dahis,
590 322 853 371 senioribus
899 321 1166 384 plusculum
1211 328 1258 369 et
1301 322 1473 369 adicies
1519 320 1738 369 colofonii

147 394 384 455 dragmam
427 408 589 456 unam,
631 395 695 440 ita
739 399 792 439 ut
836 394 916 454 qui
955 391 1215 439 remedium
1254 398 1445 438 sumunt
1483 406 1622 438 carne
1660 390 1736 438 ab·

105 477 126 510 ⁶
150 465 352 511 stineant
388 477 472 524 per
507 462 611 510 illos
649 463 748 509 dies
785 467 832 509 et
868 461 1021 508 aleum
1056 462 1351 508 manducent.

289 532 596 579 Coriandrum
632 531 778 578 viride
816 531 887 578 vel
925 533 1025 578 eius
1063 545 1223 577 semen
1260 531 1495 592 decoques
1525 532 1575 576 in
1605 544 1738 595 aqua,
1767 538 1821 574 33

146 603 196 650 in
233 616 323 663 qua
352 601 538 663 lupinos
566 602 699 662 prius
730 602 926 663 coxeris,
956 607 1004 647 et
1034 615 1140 647 cum
1170 600 1279 647 inde
1310 600 1557 647 adversum
1588 602 1738 646 tineas

146 671 233 718 vel·
255 671 510 718 lumbricos
545 672 732 717 ieiunus
770 671 1029 732 sumpseris
1066 671 1324 732 potionem,
1361 669 1622 716 vectaberis
1658 675 1739 716 aut

148 739 479 787 deambulabis.

85 824 126 856 ιο
286 807 521 856 Nasturcii
564 809 756 855 seminis
801 807 1029 854 coclearia
1074 813 1316 870 quattuor,
1360 808 1496 854 filicis
1534 821 1652 869 quae
1689 809 1737 854 in
1768 815 1822 852 34

148 877 314 925 arbore
352 879 560 925 nascitur
595 877 645 924 P.
676 877 717 941 I,
763 878 937 938 agarici
970 901 1040 910 —-
1068 877 1153 940 III,
1196 878 1401 938 iuniperi
1437 902 1502 910 —
1535 877 1619 940 111,
1664 892 1739 924 co-

147 947 325 994 riandri
362 948 554 994 seminis
592 945 640 994 8
671 947 704 1010 I,
742 961 798 993 ex
835 947 991 994 radice
1025 946 1212 1008 Syriaca
1242 946 1290 994 P.
1320 945 1355 1010 I,
1391 948 1525 994 corni
1563 948 1740 994 cervini

147 1019 243 1064 usti
292 1043 350 1050 —
391 1017 496 1079 1111,
540 1018 654 1063 nitri
696 1015 995 1063 Alexandrini
1038 1042 1095 1049 -—
1129 1015 1211 1079 III,
1258 1018 1519 1068 scamoniae
1569 1042 1628 1050 -—-
1662 1015 1739 1078 111,

66 1114 69 1117 ν
148 1086 394 1148 tithymalli
429 1086 478 1133 P.
508 1085 548 1148 I,
585 1085 706 1133 haec
744 1087 896 1132 omnia
932 1085 1102 1132 tundes
1140 1091 1187 1132 et
1223 1085 1474 1148 cribrabis,
1518 1085 1739 1133 miscebis

87 1170 128 1202 15
151 1162 199 1203 et
241 1157 445 1216 reposita
490 1155 682 1201 habebis
727 1162 774 1201 et
817 1169 924 1202 cum
969 1169 1086 1215 opus
1131 1156 1294 1216 fuerit,
1339 1155 1470 1201 dabis
1506 1157 1740 1202 tinearum

149 1225 222 1271 vel
266 1225 603 1272 lumbricorum
646 1224 856 1270 molestia
899 1223 1217 1270 laborantibus
1254 1226 1302 1270 in
1343 1226 1533 1285 potione
1570 1239 1739 1286 poscae

149 1294 326 1355 gelidae
363 1296 491 1341 iuxta
529 1299 747 1355 aetatem,
793 1293 874 1340 sed
912 1294 1214 1354 digestissimi
1250 1293 1306 1340 ab
1345 1295 1472 1340 omni
1509 1308 1615 1341 esca
1651 1294 1740 1340 hoc

148 1363 409 1411 remedium
446 1365 657 1424 accipere
695 1362 944 1410 debebunt.

293 1435 432 1480 Acori
468 1434 616 1495 tunsi,
654 1446 821 1479 erucae
860 1433 1072 1490 seminis,
1111 1431 1346 1479 coriandri
1383 1433 1496 1479 sicci
1534 1433 1740 1495 seminis,
1770 1440 1824 1478 35

88 1516 130 1547 20
153 1502 432 1549 cardamomi
483 1501 698 1548 cocliaria
751 1507 995 1564 quaterna,
1045 1503 1250 1562 iuniperi
1295 1527 1360 1534 —
1406 1501 1490 1565 III,
1538 1501 1743 1549 absinthi

153 1571 392 1618 Santonici
435 1570 484 1619 P.
521 1570 562 1632 Ι,
605 1571 770 1632 hysopi
819 1597 876 1604 —
916 1571 996 1633 Vl,
1041 1573 1175 1618 corni
1218 1572 1396 1617 cervini
1439 1573 1537 1618 usti
1580 1597 1646 1604 --
1686 1571 1742 1634 II,

150 1641 373 1688 dictamni
409 1641 459 1687 P.
490 1640 523 1703 I,
560 1640 710 1702 filicis,
749 1655 865 1701 quae
903 1642 951 1687 in
989 1640 1157 1687 arbore
1187 1642 1410 1702 nascitur,
1447 1643 1598 1687 siccae
1628 1640 1677 1688 P.
1708 1641 1741 1687 Ι.

151 1709 316 1757 Omnia
363 1710 479 1756 haec
523 1715 661 1757 tunsa
705 1709 1000 1771 cribrataque
1044 1710 1264 1756 miscebis
1317 1716 1364 1756 et
1414 1710 1643 1756 recondes
1696 1717 1743 1757 et

152 1794 260 1826 cum
290 1794 408 1840 opus
438 1780 594 1840 fuerit,
622 1779 831 1840 pastillos
861 1780 1003 1826 facies
1034 1779 1163 1826 fabae
1194 1779 1513 1840 magnitudine
1542 1786 1588 1826 et
1611 1779 1742 1826 dabis

89 1862 130 1893 85
154 1850 211 1911 ei,
242 1851 323 1909 qui
351 1848 529 1895 laborat
557 1848 770 1894 molestia
798 1848 1149 1911 lumbricorum,
1186 1854 1239 1895 ut
1266 1849 1370 1895 edat
1393 1851 1442 1895 in
1465 1849 1572 1912 ficu,
1603 1851 1741 1896 etiam

153 1919 297 1980 sicca;
334 1917 576 1964 abstentus
606 1923 761 1964 tamen
791 1917 954 1980 pridie,
983 1920 1047 1965 ita
1078 1923 1131 1964 ut
1161 1920 1221 1965 sit
1251 1918 1608 1981 digestissimus,
1635 1933 1742 1965 cum

152 1987 241 2034 hoc
278 1988 538 2033 remedium
574 1988 729 2033 sumit.

292 2056 362 2102 Ad
392 2056 647 2102 lumbricos
678 2056 912 2102 eiciendos
942 2056 1200 2103 remedium
1226 2058 1314 2103 sic:
1344 2056 1593 2103 Aristoloci
1616 2056 1742 2118 longi
1772 2066 1827 2103 36

153 2127 371 2173 contunsi
408 2120 470 2192 ,βα
509 2125 549 2171 ΙΙ
593 2140 701 2172 cum
746 2140 890 2186 aquae
936 2125 1113 2186 cyathis
1158 2126 1341 2172 duobus
1386 2128 1542 2172 ieiuno
1580 2126 1741 2173 biben-

88 2211 130 2243 30
153 2196 236 2242 dos
274 2209 359 2257 per
388 2195 597 2242 triduum
628 2194 780 2257 dabis3
816 2194 1008 2241 nucleos
1044 2209 1229 2256 quoque
1259 2196 1316 2242 de
1346 2197 1531 2257 persico
1562 2210 1743 2242 amaros

152 2267 338 2312 ieiunus
377 2265 515 2312 edere
554 2263 744 2310 debebit
781 2266 862 2325 qui
898 2263 1140 2310 lumbricis
1179 2264 1433 2311 vexabitur.

291 2334 360 2381 Ad
397 2334 574 2381 ventris
612 2334 820 2380 dolorem
857 2333 1116 2380 remedium
1155 2334 1317 2380 efficax
1353 2336 1440 2381 sic:
1480 2334 1652 2380 Sordes
1682 2334 1738 2381 de
1769 2344 1823 2382 3⁷

155 2403 342 2450 cardine
381 2405 488 2450 ostii
525 2403 634 2450 tolle
673 2403 831 2463 digitis
868 2402 1065 2465 duobus,
1102 2402 1268 2463 pollice
1303 2401 1350 2450 et
1380 2403 1659 2467 medicinali,
1696 2410 1743 2451 et

294 2527 319 2563 3
350 2522 636 2576 colophoniae
669 2522 919 2564 Cornarius.
1032 2527 1055 2564 7
1080 2526 1178 2576 post
1207 2523 1253 2563 in
1284 2536 1370 2576 qua.
1398 2524 1550 2576 repetit
1570 2523 1615 2564 in
1641 2536 1741 2576 quo.

157 2581 210 2619 14
238 2577 481 2620 tithimalli.
625 2582 678 2620 26
709 2578 1032 2619 diiestissimus.
1148 2582 1201 2620 28
1233 2578 1545 2621 aristolochiae
1581 2578 1741 2632 longae

155 2635 364 2675 contusae
410 2632 657 2676 Carnarius.
830 2638 882 2675 29
922 2634 1120 2687 cyathos.
1292 2639 1344 2676 30
1382 2635 1551 2688 persico
1589 2635 1740 2677 amari.

154 2694 207 2731 33
241 2689 362 2744 ostii]
394 2690 520 2732 ustei.
635 2689 805 2744 digitis]
838 2688 1077 2742 diligentis.
