1930 3008
841 97 1216 147 -292—

853 237 977 285 CAP.
1014 237 1214 285 XXVIII.

231 326 533 370 Lumbriois
563 327 618 368 et
645 326 801 369 tineis
825 328 879 368 et
900 325 1187 368 interaneis
1210 325 1386 368 causis
1407 325 1464 369 id.
1485 328 1568 368 est
1587 327 1829 370 tenesmo

231 399 288 439 et
323 397 393 440 ad
428 407 584 439 rosus
619 395 822 438 ventris
866 397 922 437 et
965 395 1199 437 strofum
1233 395 1323 437 vel
1356 395 1618 438 intestinis
1654 396 1830 451 ruptis

231 476 528 521 eorumque
565 464 842 508 doloribus
878 464 1114 508 remedia
1148 464 1372 519 physica
1408 467 1462 507 et
1496 465 1831 510 rationabilia

661 533 872 577 diversa
910 535 978 577 de
1015 533 1411 588 experimentis.

373 641 547 688 Verum
594 640 856 687 remedium
899 640 957 687 ad
1000 642 1151 687 tineas
1201 641 1435 688 necandas
1485 648 1533 688 et
1576 642 1831 690 eiciendas:

232 711 323 758 Per
360 711 572 758 triduum
616 711 768 757 alcum
814 724 952 771 quam
995 710 1251 771 plurimum
1295 712 1401 758 edat
1441 713 1523 773 qui
1562 712 1649 758 hac
1689 712 1831 759 mole-

234 783 322 829 stia
366 780 595 827 laborabit
639 786 686 827 et
725 780 943 827 betaceos
981 786 1138 827 coctos
1177 787 1223 827 et
1259 795 1447 828 caseum
1481 781 1668 828 mollem
1705 796 1830 828 man-

234 851 395 913 ducet3
432 857 540 912 post
575 850 665 898 hoc
700 854 857 896 autem
887 850 1036 896 felicis
1066 849 1391 897 Macedonicae
1423 851 1579 898 aridae
1610 856 1833 898 contusae

236 920 467 967 cribratae
506 920 546 966 X
577 919 677 966 VIII
714 934 821 966 cum
853 919 1003 982 melle,
1041 926 1268 980 quantum
1298 922 1398 981 ipse
1429 921 1642 983 voluerit,
1680 926 1834 968 sumat
1855 934 1875 966 5

236 996 284 1037 et
314 996 422 1052 post
456 989 595 1036 horas
627 994 850 1051 quattuor
882 989 1053 1036 dentur
1085 991 1129 1035 ei
1158 990 1282 1036 aloes
1313 999 1359 1037 et
1390 992 1651 1037 scamoniae
1675 991 1832 1052 singu-

236 1058 388 1106 lorum
427 1059 468 1105 X
506 1061 726 1106 semisses
763 1073 820 1105 ex
853 1073 1000 1120 aquae
1029 1059 1208 1105 mulsae
1239 1059 1416 1120 cyathis
1447 1065 1690 1123 quattuor3
1726 1075 1834 1107 cum

238 1143 349 1175 vero
395 1130 606 1190 coeperit
650 1129 926 1191 desurgere‚
972 1142 1091 1189 aqua
1128 1128 1275 1175 calida
1313 1130 1358 1175 ei
1394 1137 1705 1193 supponatur,
1743 1143 1834 1191 qua

237 1204 402 1260 postea
439 1198 534 1244 elui
575 1204 623 1244 et
660 1198 806 1244 foveri
841 1197 994 1244 debet.

378 1267 448 1314 Ad
492 1267 748 1314 lumbricos
792 1267 1093 1328 depellendos
1139 1269 1250 1314 satis
1296 1269 1536 1315 commode
1573 1269 1685 1315 facit
1722 1268 1834 1315 San·
1858 1282 1898 1312 10

236 1339 391 1385 tonica
427 1337 593 1400 herba,
633 1351 751 1398 quae
789 1337 1075 1384 absinthium
1113 1337 1299 1399 dicitur,
1341 1339 1382 1384 si
1417 1337 1491 1384 vel
1526 1339 1689 1385 viridis
1727 1352 1834 1385 cum

238 1422 357 1468 aqua
394 1407 451 1453 ad
485 1409 648 1454 tertias
678 1412 811 1453 cocta
840 1414 1030 1467 potetur
1059 1407 1131 1453 vel
1162 1409 1286 1454 sicca
1315 1409 1425 1454 trita
1455 1422 1512 1454 ex
1543 1408 1678 1454 melle
1707 1422 1834 1454 man-

240 1477 460 1539 ducetur3
498 1491 672 1523 cornus
704 1491 890 1537 quoque
921 1477 1099 1522 cervini
1128 1476 1275 1523 limati
1303 1476 1411 1523 lima
1440 1477 1635 1539 lignaria
1665 1477 1835 1539 scobis,

241 1552 468 1608 quantum
506 1545 590 1592 IIII
627 1545 699 1591 vel
729 1545 766 1591 V
797 1546 1012 1592 cocliaria
1050 1548 1157 1607 sint,
1194 1561 1249 1592 ex
1287 1561 1419 1607 aqua,
1456 1549 1505 1593 in
1543 1562 1634 1608 qua
1671 1547 1833 1594 decoc-

239 1623 316 1663 tus
354 1615 499 1662 fuerit
534 1617 635 1676 ipse
674 1614 844 1678 scobis,
880 1622 1019 1676 potus
1056 1615 1112 1662 ad
1150 1615 1341 1676 cyathos
1378 1615 1441 1661 III
1477 1617 1673 1662 mirifice
1704 1617 1897 1678 faci1315

240 1687 342 1747 rapi
379 1687 518 1731 etiam
556 1686 747 1731 seminis
786 1685 980 1747 cyathus
1018 1700 1074 1731 ex
1112 1686 1238 1745 passi
1275 1685 1453 1746 cyathis
1494 1685 1646 1732 tribus
1683 1685 1834 1746 pridie

239 1761 519 1817 maceratus,
555 1755 724 1802 deinde
762 1757 902 1802 tritus
940 1761 987 1801 et
1023 1755 1159 1801 datus
1196 1769 1315 1816 aqua
1353 1756 1519 1816 exigua
1555 1755 1733 1802 adiecta
1765 1756 1834 1801 in-

240 1825 425 1871 finitum
463 1825 690 1871 medetur.

379 1894 636 1941 Tenesmos
673 1900 746 1940 est
776 1895 983 1940 inritatio
1014 1894 1204 1940 ultimae
1234 1895 1381 1955 partis
1412 1893 1580 1940 directi
1609 1894 1835 1956 intestini,

239 1965 289 2010 in
327 1979 419 2025 quo
457 1966 570 2011 vitio
609 1965 795 2025 saepius
832 1963 947 2010 libet
983 1963 1237 2024 desurgere
1276 1965 1377 2010 sine
1415 1977 1566 2010 causa.
1620 1963 1836 2010 Proderit
1857 1977 1898 2007 20

241 2047 352 2094 ergo
398 2033 455 2080 ad
499 2034 589 2080 hoc
633 2035 797 2080 vitium
849 2032 1197 2095 depellendum,
1249 2035 1466 2094 quotiens
1518 2033 1836 2079 desurrexerit

241 2104 368 2165 quis,
414 2109 467 2149 ut
510 2105 616 2149 vino
662 2109 849 2150 austero
894 2104 1037 2149 mixto
1083 2118 1190 2150 cum
1235 2117 1354 2164 aqua
1397 2101 1543 2148 calida
1583 2116 1632 2147 se
1670 2101 1833 2147 foveat.

241 2172 481 2219 Verbenae
520 2179 567 2219 et
602 2179 780 2234 myrtae
819 2179 866 2219 et
903 2173 1047 2219 olivae
1085 2172 1277 2219 ramulis
1314 2173 1500 2232 iunctis,
1537 2172 1600 2217 ita
1635 2176 1686 2217 ut
1716 2171 1833 2217 duae

240 2252 400 2303 partes
444 2249 621 2303 myrtae
667 2244 782 2304 sint,
826 2242 1056 2304 simulque
1102 2243 1308 2289 decoctis
1352 2242 1422 2288 uti
1462 2241 1679 2286 convenit
1716 2254 1834 2301 aqua

242 2312 539 2372 frequentius
586 2312 642 2358 ad
687 2311 1022 2375 subluendum3
1069 2314 1182 2373 quin
1226 2313 1364 2358 etiam
1405 2308 1676 2370 penicillum
1716 2311 1833 2356 tinc-
1856 2321 1896 2352 25

242 2387 343 2427 tum
389 2395 442 2427 eo
486 2381 670 2442 liquore
715 2389 762 2428 et
803 2396 899 2428 non
943 2383 1080 2428 nimis
1126 2394 1397 2441 expressum
1441 2384 1580 2439 atque
1625 2392 1711 2424 ano
1758 2378 1833 2425 ad-

242 2452 447 2510 positum
491 2451 703 2511 proderit
747 2450 818 2497 vel
862 2451 1027 2498 eodem
1070 2450 1206 2496 modo
1251 2448 1463 2510 globulus
1509 2449 1720 2494 staminis
1758 2447 1834 2494 ad-

242 2520 423 2579 positus
454 2521 600 2582 iuvat3
631 2520 807 2567 diutius
838 2522 963 2567 enim
986 2534 1204 2581 vaporem
1228 2519 1448 2565 continet.
1495 2517 1833 2579 Pertngendus

384 2627 449 2668 tit.
481 2625 706 2669 intestino.

387 2685 407 2722 1
439 2681 681 2734 negandas.
840 2686 864 2723 6
895 2680 1034 2722 detur.
1186 2683 1210 2720 7
1241 2679 1438 2732 cyathos,
1592 2682 1643 2719 13
1675 2677 1832 2732 scopis.

244 2739 297 2777 23
328 2735 499 2778 mirtae.
613 2737 714 2780 duo.
829 2741 882 2778 25
915 2734 1192 2789 penicellum.
