1898 3016
756 176 813 182 -
895 108 992 196 1³65
1070 175 1128 181 —

150 278 280 325 adice
319 279 365 323 in
405 276 540 323 ollam
580 274 729 322 mellis
767 275 930 336 optimi
967 275 1220 320 sextarium
1260 280 1306 320 et
1342 280 1502 335 postea
1534 272 1742 333 decoque

151 348 206 394 ad
238 346 596 394 crassitudinem
627 344 797 407 mellis3
827 359 882 391 ex
915 358 968 391 eo
1004 345 1151 391 uteris
1175 344 1359 390 ieiunus
1384 342 1575 389 cottidie
1606 341 1743 403 plena

150 417 290 478 ligula
342 416 395 462 ad
444 416 684 476 sanguinis
728 415 1030 461 reiectionem
1076 412 1326 460 sedandam
1379 419 1425 459 et
1469 412 1525 458 ad
1575 418 1742 458 stoma·

151 486 290 533 chum
321 484 703 533 confirmandum.
752 484 978 546 Butyrum
1002 482 1202 531 nitidum
1226 489 1272 529 et
1296 481 1568 530 tantundem
1591 481 1742 528 mellis
1773 487 1826 526 70

107 571 127 603 5
151 557 315 617 optimi
339 556 599 616 despumati
627 554 829 617 coquito,
856 554 1003 600 donec
1028 553 1155 600 color
1178 553 1312 600 rufus
1337 554 1409 615 sit,
1435 558 1481 598 et
1503 553 1552 598 in
1575 551 1743 612 pyxide

151 640 319 672 cornea
362 624 564 672 reconde
609 629 748 685 atque
792 623 901 670 inde
938 638 1073 670 mane
1110 624 1268 669 ieiuno
1307 621 1487 684 singula
1525 621 1739 668 cocliaria

151 695 270 758 dato,
310 697 389 756 qui
426 693 659 755 pulmonis
697 692 952 740 exulcerati
987 694 1098 739 vitio
1136 692 1331 739 fetidum
1370 692 1463 738 olet
1496 691 1567 737 vel
1598 705 1742 752 puru-

150 765 326 811 lentum
365 771 412 811 et
448 764 642 810 fetidum
683 768 883 810 excreat.
939 763 1177 823 Axungiae
1216 762 1377 809 suillae
1415 767 1625 808 vetustae
1655 775 1739 807 un-
1775 766 1825 804 71

151 837 247 881 ciae
292 840 388 880 tres
434 848 490 879 ex
535 835 630 879 vini
673 833 977 879 vetustissimi
1022 832 1170 893 cotyla
1215 847 1307 878 una
1354 831 1573 878 decoctae
1611 832 1742 892 potui

89 919 129 949 10
151 904 363 965 pthisicis
401 903 532 950 datae
570 908 786 964 potenter
824 902 1154 949 remediantur.
1213 901 1384 947 Anethi
1421 902 1535 947 sicci
1571 903 1743 946 veteris
1775 906 1826 943 72

151 973 388 1035 pulverem
434 979 480 1019 et
524 975 705 1019 resinae
746 973 954 1033 pituinae
991 971 1231 1032 pulverem
1269 986 1376 1017 cum
1414 970 1549 1032 adipe
1587 975 1744 1016 vetere

151 1045 367 1090 anserino
406 1049 485 1089 aut
522 1041 773 1103 gallinaceo
805 1041 1037 1088 edendum
1072 1055 1206 1087 mane
1236 1042 1392 1087 ieiuno
1426 1041 1635 1101 empyico
1667 1054 1742 1085 co-

152 1112 306 1160 cliaria
353 1114 440 1158 tria
487 1118 534 1158 et
578 1126 771 1172 vespere
815 1111 1089 1158 tantundem
1128 1110 1280 1173 dabis,
1320 1112 1439 1157 mire
1478 1109 1741 1156 subvenies.

152 1183 217 1228 Ad
266 1196 366 1243 eos,
411 1183 488 1242 qui
536 1182 808 1241 sanguinem
854 1188 1094 1243 excreant,
1139 1180 1399 1227 remedium
1445 1179 1608 1226 efficax
1655 1181 1744 1226 sic:
1775 1183 1826 1222 73

91 1265 130 1295 15
154 1252 293 1298 Turis
338 1250 532 1298 masculi
576 1250 822 1311 diligenter
866 1251 966 1297 triti
1010 1247 1137 1310 drag.
1176 1250 1236 1313 ΙΙ,
1283 1250 1561 1296 ammoniaci
1605 1263 1744 1295 unam

153 1336 259 1368 cum
297 1322 418 1368 aceti
452 1321 636 1367 hemina
676 1319 815 1366 simul
852 1319 1239 1382 contemperabis,
1277 1321 1341 1366 ita
1372 1325 1425 1366 ut
1455 1317 1553 1365 hibi
1582 1319 1744 1381 possit,

153 1397 199 1437 et.
236 1390 463 1437 laboranti
500 1391 656 1436 ieiuno
695 1391 981 1452 aemoptyico
1020 1390 1164 1437 (labis.

294 1460 342 1506 Si
360 1461 464 1520 quis
487 1459 790 1521 purulentum
815 1461 969 1522 tussit,
993 1474 1128 1506 ovum
1155 1458 1353 1506 crudum
1378 1473 1483 1505 cum
1499 1459 1601 1520 pari
1616 1472 1742 1505 men·
1776 1462 1830 1501 74

154 1544 261 1576 sura
301 1532 400 1576 suci
439 1530 495 1575 de
531 1543 673 1591 porro
711 1530 886 1575 sectivo
925 1531 1135 1590 expressi
1173 1528 1543 1589 tantundemque
1582 1529 1746 1589 optimi

89 1612 129 1643 20
151 1599 301 1646 mellis
338 1600 556 1660 permixti
594 1598 867 1645 calefactum
905 1599 1092 1646 ieiunus
1130 1598 1330 1645 sorbeat.
1388 1598 1456 1644 Ad
1492 1599 1745 1644 excreatio·
1777 1601 1829 1641 75

151 1683 256 1715 nem
295 1675 535 1715 cruentam
573 1667 831 1714 remedium
870 1669 959 1715 sic:
997 1668 1189 1716 Cocleae
1225 1667 1418 1714 elixatae
1449 1673 1669 1714 teruntur
1700 1675 1747 1714 et

150 1753 205 1784 ex
244 1753 362 1799 aqua
393 1738 539 1785 calida
571 1737 626 1784 ab
658 1739 815 1784 ieiuno
847 1737 1073 1785 bibuntur
1103 1752 1287 1785 necnon
1318 1737 1373 1784 ad
1405 1737 1528 1784 idem
1561 1737 1744 1784 cocleae

149 1808 319 1854 inlotae
359 1823 413 1854 ex
452 1822 570 1868 aqua
599 1809 777 1854 marina
809 1814 1077 1869 coquuntur
1109 1815 1155 1855 et
1186 1808 1483 1854 devorantur.
1536 1806 1744 1854 Tussicis
1776 1812 1828 1851 76

151 1885 198 1924 et
234 1878 459 1938 empyicis
496 1877 688 1938 prodest
725 1891 856 1939 aqua,
893 1879 941 1924 in
973 1893 1061 1939 qua
1094 1878 1299 1939 cydonea
1335 1876 1455 1923 mala
1485 1884 1615 1924 cocta
1646 1878 1744 1923 fue-

87 1959 127 1990 25
150 1948 259 2009 rint,
290 1946 482 1993 adsidue
511 1948 775 2009 propinata3
805 1948 904 2008 ipsa
936 1949 1074 1993 etiam
1107 1949 1147 1994 si
1177 1949 1358 1994 incocta
1389 1946 1745 2009 manducentur,

149 2018 321 2063 iuvant.
381 2016 607 2076 Ssongeae
644 2015 887 2063 Africanae
926 2022 1116 2064 exustae
1161 2018 1280 2063 cinis
1318 2031 1424 2063 cum
1463 2030 1576 2063 suco
1613 2018 1745 2077 porri
1777 2021 1828 2060 77

150 2087 312 2132 sectivi
348 2086 544 2132 haustus
582 2087 818 2147 empyicos
856 2093 1000 2133 sanat.
1071 2086 1236 2133 Rafani
1272 2087 1393 2133 cocti
1433 2086 1536 2132 cibo
1569 2087 1744 2147 sumpti
1775 2091 1828 2130 78

151 2155 530 2217 sanguinulentas
582 2157 902 2202 excreationes
954 2155 1171 2203 celeriter
1222 2156 1483 2203 emendant.
1563 2155 1743 2202 Gumen
1776 2161 1827 2199 79

151 2227 376 2286 optimum
413 2227 461 2271 in
499 2239 580 2271 ore
620 2224 824 2271 solutum
870 2231 917 2271 et
961 2225 1259 2286 degluttitum
1301 2239 1482 2272 summo
1521 2227 1745 2287 empyicis

87 2307 127 2338 30
150 2295 355 2342 remedio
395 2302 479 2341 est.
538 2294 795 2357 Ruborum,
832 2296 881 2341 in
920 2294 1088 2355 quibus
1126 2309 1255 2342 mora
1293 2302 1566 2358 nascuntur,
1604 2294 1743 2341 cauli·
1774 2300 1827 2339 80

151 2365 244 2411 culi
288 2366 438 2411 teneri
482 2364 768 2427 tunduntur3
814 2379 869 2410 ex
918 2364 991 2411 his
1040 2379 1181 2412 sucus
1227 2366 1526 2426 exprimitur,
1572 2366 1652 2425 qui
1695 2366 1743 2411 in

152 2434 246 2480 sole
277 2434 330 2480 ad
364 2433 722 2481 crassitudinem
753 2434 904 2481 mellis
935 2436 1165 2495 spissatur
1196 2436 1418 2495 agitatus:
1447 2434 1524 2481 hic
1546 2434 1744 2481 haustus

152 2504 554 2564 sanguinulentam
593 2506 933 2551 excreationem
974 2505 1295 2551 efficacissime
1337 2503 1494 2550 cludit.
1561 2502 1742 2550 Eorun-

151 2573 255 2619 dem
303 2573 529 2620 ruborum
578 2573 794 2620 cauliculi
846 2575 998 2620 teneri
1050 2589 1104 2620 ex
1156 2575 1263 2620 vino
1312 2579 1498 2620 austero
1547 2573 1743 2620 discocti

264 2683 287 2720 2
319 2678 474 2733 uteris]
506 2679 682 2721 ueteris.
819 2686 842 2722 3
874 2679 1030 2722 lecula.
1170 2684 1221 2722 10
1250 2680 1467 2734 tphisicis.
1604 2693 1740 2730 reme-

151 2733 344 2788 diantur]
375 2735 663 2777 remediatum
696 2736 776 2778 est.
909 2740 958 2777 17
991 2735 1253 2789 emoptoieo.
1391 2740 1444 2778 20
1474 2735 1740 2790 permixtum

153 2789 402 2832 C'ornarz'us.
518 2795 570 2832 22
603 2791 678 2846 ab]
711 2792 780 2833 ad.
