1930 3008
739 125 1119 176 —381—

137 255 332 302 brorum
369 254 553 301 dolores
590 255 1004 314 contusionesque,
1050 252 1105 299 ad
1152 254 1304 299 omnia
1346 253 1556 313 omnino,
1600 265 1731 312 prae·

138 326 275 386 cipue
313 323 368 370 ad
407 323 655 385 podagram
701 330 748 370 et
784 322 839 370 ad
878 336 1129 369 nervorum
1167 323 1447 369 offensiones
1484 320 1731 383 placandas

138 409 215 441 res
253 393 559 441 saluberrima
596 399 680 440 est.

24 499 28 523 -,
277 463 537 525 Descriptio
571 464 717 525 acopi,
756 462 879 524 quod
911 462 984 509 dia
1015 463 1139 509 cissu
1171 462 1356 524 dicitur,
1394 462 1565 522 accipit
1594 460 1729 507 haec:

24 555 49 583 1·
95 551 116 583 5
138 533 282 580 Bacas
312 533 432 580 lauri
462 532 633 579 virides
664 531 712 594 C,
743 533 956 594 cupressi
986 531 1158 595 CVIIII,
1187 531 1360 578 herbae
1391 531 1587 578 Sabinae
1619 530 1667 577 P.
1698 529 1731 592 I,

24 599 26 604 ’
138 605 260 650 roris
297 604 466 649 marini
501 603 550 649 P.
581 602 621 664 1,
659 602 780 649 faeni
816 604 971 663 graeci
1009 600 1056 648 3
1088 602 1120 648 Ι.
1187 601 1311 648 Haec
1349 603 1501 648 omnia
1539 600 1731 661 diligen-

137 674 316 720 tissime
355 679 491 719 tunsa
529 678 668 733 atque
706 674 814 719 trita
845 671 1064 719 infundes
1094 673 1142 718 in
1173 686 1319 733 aquae
1349 669 1564 732 pluvialis
1595 668 1643 716 θ
1668 669 1731 716 111

139 749 186 789 et
223 742 311 789 olei
334 742 382 789 P.
406 741 528 788 VIIII
559 747 698 802 atque
728 741 822 788 illic
852 742 1008 788 triduo
1040 741 1406 788 conmaceranda
1444 755 1547 787 esse
1584 741 1728 801 patie-

138 813 226 875 ris;
256 818 354 858 tum
385 811 526 874 lent0,
556 825 614 857 ne
645 811 914 872 adurantur,
944 813 1040 872 igni
1071 817 1162 858 tam
1195 811 1272 857 diu
1305 817 1580 872 coquentur,
1615 823 1728 871 quo-

76 899 118 930 10
139 895 288 943 usque
325 895 544 927 mensura
575 895 734 943 aquae,
773 895 890 942 quae
920 882 1061 927 missa
1092 881 1246 943 fuerit,
1285 886 1592 942 excoquatur3
1629 885 1731 926 tum

138 952 291 998 omnia
329 950 609 997 colahuntur
646 956 785 1011 atque
822 950 896 996 his
934 950 1195 997 adicientur
1232 950 1430 996 hederae
1469 950 1730 996 communis

137 1022 288 1068 siccae
339 1046 396 1053 —-
438 1019 522 1066 llll
566 1020 813 1081 diligenter
857 1028 1022 1067 tunsae
1071 1019 1395 1081 cribrataeque
1446 1033 1630 1066 necnon
1684 1025 1731 1065 et

137 1092 319 1137 resinae
360 1089 590 1137 astulosae
626 1089 676 1136 P.
707 1089 803 1152 1111,
842 1105 976 1136 cerae
1007 1090 1160 1150 pondo
1193 1089 1244 1136 11.
1297 1089 1546 1136 Permixtis
1584 1090 1729 1135 omni-

137 1159 226 1206 bus
258 1167 395 1220 atque
428 1162 534 1220 igne
564 1159 828 1221 liquefactis
857 1160 1247 1206 medicamentum
1273 1165 1483 1220 paratum
1507 1160 1556 1204 in
1580 1159 1729 1204 vitreo

75 1245 115 1276 15
138 1229 306 1276 doliolo
344 1236 614 1291 reponetur,
652 1244 707 1275 ex
746 1244 851 1291 quo,
889 1231 930 1275 si
968 1244 1084 1290 quae
1121 1229 1356 1275 doluerint
1386 1229 1597 1289 corporis
1627 1241 1730 1289 par-

24 1297 26 1305 '
136 1306 232 1360 tes,
284 1305 538 1360 perunctae
590 1305 637 1345 et
688 1300 969 1346 confricatae
1022 1301 1208 1345 sanitati
1260 1300 1352 1345 cito
1405 1300 1728 1345 restituentur.

24 1361 46 1413 l
135 1368 411 1415 Mulieribus
449 1370 588 1415 etiam
625 1383 732 1415 cum
770 1370 1053 1416 cessaverint
1085 1377 1308 1431 tempora,
1346 1370 1386 1414 si
1416 1374 1496 1415 aut
1526 1368 1580 1414 ad
1613 1367 1729 1414 lum-

23 1403 45 1509 2}
136 1438 221 1484 bos
259 1445 339 1485 aut
376 1438 432 1485 ad
469 1440 615 1485 imum
652 1447 861 1485 ventrem
899 1445 1114 1500 ponatur,
1151 1447 1391 1485 menstrua
1430 1439 1585 1484 statim
1622 1452 1728 1498 pro-

136 1507 432 1555 vocabuntur
465 1522 647 1555 necnon
685 1514 732 1554 et
769 1508 970 1554 calculos
1008 1514 1174 1570 movet,
1217 1509 1258 1554 si
1294 1523 1348 1554 ex
1388 1522 1443 1554 eo
1481 1507 1612 1554 ilium
1650 1514 1729 1553 aut

23 1572 43 1627 ἧ
73 1594 114 1625 20
138 1585 300 1624 venter
329 1579 452 1624 imus
475 1578 691 1640 fricetur3
721 1577 951 1639 podagrae
982 1592 1169 1639 quoque
1199 1578 1406 1639 prodest,
1437 1579 1477 1623 si
1499 1576 1571 1623 vel
1595 1591 1728 1623 mane

23 1648 25 1684 Ῑ
135 1647 207 1694 vel
243 1654 380 1694 nocte
418 1648 560 1709 pedes
599 1662 654 1693 ex
691 1647 781 1694 hoc
818 1647 1123 1694 medicamine
1161 1648 1490 1708 perfricentur.

23 1714 25 1742 ³
275 1716 536 1778 Descriptio
576 1719 724 1764 ceroti
761 1719 856 1763 sive
895 1717 1135 1778 emplastri
1171 1717 1401 1779 podagrae
1440 1723 1486 1763 et
1517 1716 1726 1763 articulis

23 1787 42 1842 ζ’
136 1792 182 1833 et
226 1788 382 1833 nervis
427 1793 474 1833 et
519 1786 677 1833 multis
722 1786 864 1834 rebus
908 1788 1027 1833 infra
1074 1788 1261 1848 scriptis
1307 1788 1418 1833 satis
1462 1786 1591 1833 utilis
1637 1788 1728 1833 sic:

31 1850 42 1938 ξ
138 1855 246 1902 Sevi
282 1859 455 1903 taurini
491 1856 539 1903 P.
570 1856 652 1918 111,
690 1859 871 1903 resinae
908 1857 1053 1903 frixae
1091 1856 1139 1903 P.
1170 1857 1231 1918 ΙΙ,
1278 1856 1535 1918 specularis
1574 1858 1728 1902 exusti

30 1918 39 1945 ⁵
75 1940 116 1973 25
139 1925 187 1972 P.
218 1925 280 1989 11,
319 1941 453 1972 cerae
491 1925 710 1973 Ponticae
748 1926 797 1972 P.
827 1926 889 1988 Il,
927 1926 1017 1973 olei
1055 1926 1206 1972 mollis
1243 1926 1291 1973 P.
1323 1926 1342 1972 l
1374 1926 1426 1988 S,
1471 1927 1573 1972 suci
1609 1940 1728 1971 mar-

31 2045 37 2060 ,
135 1995 262 2042 rubii
301 2021 362 2028 —
395 1995 456 2058 II,
502 1997 603 2042 suci
646 1996 923 2057 plantaginis
965 2022 1022 2028 -
1057 1995 1119 2058 II,
1164 1997 1267 2043 suci
1309 1995 1538 2042 verbenae
1577 2022 1640 2027 —
1675 1995 1728 2058 II,

32 2068 38 2126 ξ’
137 2066 239 2111 suci
275 2072 457 2111 mentae
500 2092 557 2098 —
594 2065 653 2127 11,
700 2067 802 2112 suci
845 2065 1200 2127 symphoniacae
1245 2067 1407 2112 uncias
1445 2066 1581 2128 duaS,
1627 2066 1729 2112 suci

30 2143 35 2167 ³
134 2134 312 2196 phlomi
342 2134 493 2197 -113
534 2149 649 2196 quae
688 2135 832 2182 herba
869 2135 1004 2195 longa
1035 2141 1081 2182 et
1111 2135 1199 2182 lata
1232 2142 1278 2182 et.
1306 2135 1461 2182 mollia
1493 2142 1540 2182 et
1569 2135 1727 2181 lanosa

136 2204 243 2250 solia
280 2204 419 2250 habet
458 2212 503 2251 et
536 2205 748 2266 thyrsum
778 2205 968 2266 longum
998 2204 1208 2251 lanosum
1241 2205 1364 2267 facit,
1403 2220 1520 2266 quae
1552 2204 1726 2251 Graece

71 2288 114 2319 30
137 2274 309 2320 dicitur
346 2275 510 2320 hermu
550 2274 732 2321 rabdos.
782 2274 954 2321 Sevum
991 2274 1063 2321 vel
1101 2289 1206 2321 cera
1243 2275 1316 2321 vel
1352 2277 1506 2321 resina
1546 2289 1727 2335 separa-

32 2338 35 2347 ”
136 2345 220 2389 tim
264 2343 522 2390 lentissimo
567 2346 673 2405 igne
720 2344 964 2391 solvuntur
1010 2344 1315 2406 colanturque
1361 2352 1407 2391 et
1444 2346 1492 2390 in
1531 2344 1727 2391 caccabo

137 2420 297 2474 postea
350 2428 456 2460 cum
508 2428 648 2474 supra
694 2415 882 2475 scriptis
931 2413 1176 2474 speciebus
1228 2416 1506 2476 miscentur,
1559 2414 1727 2460 deinde

138 2483 276 2529 simul
313 2483 661 2546 decoquuntur3
698 2490 859 2544 postea
898 2483 1084 2530 additur
1118 2484 1271 2531 oleum
1303 2490 1349 2531 et
1378 2486 1549 2531 iterum
1581 2484 1726 2530 modi-

139 2567 245 2599 cum
270 2553 500 2599 fervorem
524 2554 667 2600 ducit.
704 2553 879 2619 Deinde
902 2559 1081 2600 remoto
1105 2553 1161 2600 ab
1185 2556 1282 2615 igni
1304 2553 1501 2601 caccabo
1525 2556 1728 2601 mittitur

276 2663 302 2699 4
333 2658 407 2699 dia
438 2659 572 2714 cissu]
605 2660 804 2702 Eandem
833 2661 1173 2714 compositionem
1207 2661 1263 2702 ad
1288 2661 1529 2714 podayram
1565 2673 1726 2702 sanan-

136 2715 419 2813 cgcgngpggat
447 2716 662 2758 Aleoeaml.
698 2716 832 2758 Trall.
864 2718 942 2758 vol.
968 2716 1020 2768 II,
1047 2720 1126 2759 537
1160 2717 1359 2760 Puschm.
1457 2722 1507 2757 13
1538 2716 1726 2758 astlosae

1762 469 1814 508 73

1758 1721 1812 1760 74
