1898 3016
833 115 1175 166 —16-„

200 249 410 291 mentum
455 243 557 289 eius
602 245 787 304 generis
835 243 1151 290 remediorum
1198 245 1390 304 habent,
1441 248 1608 294 merito
1659 261 1793 293 accu-

203 313 334 359 sandi
372 318 495 374 sunt,
535 313 660 374 quod
697 319 792 360 tam
829 313 1128 374 neglegentes
1166 315 1215 361 in
1245 320 1339 362 tam
1369 318 1632 363 necessaria
1662 322 1794 378 parte

202 384 316 428 artis
354 382 552 443 fuerint,
590 384 687 429 sive
725 385 907 444 experti
945 383 1133 444 quidem
1177 391 1287 431 sunt
1331 400 1493 433 eorum
1531 386 1795 449 utilitatem,

203 452 434 513 denegant
471 459 626 499 autem
662 467 815 515 usum,
853 455 998 513 magis
1036 452 1254 515 culpandi
1291 461 1413 518 sunt,
1455 458 1563 517 quia
1599 457 1794 503 crimine

201 522 483 568 invidentiae
521 522 737 585 flagrant,
784 522 906 583 quod
948 523 1120 569 malum
1158 539 1264 570 cum
1302 525 1517 572 omnibus
1554 527 1796 572 animanti·
1841 539 1859 569 5

201 591 290 638 bus
327 593 529 638 invisum
569 591 734 638 debeat
771 606 895 654 esse,
939 599 1040 638 tum
1083 595 1335 655 praecipue
1373 595 1587 659 medicis,
1625 595 1796 656 quibus

201 663 294 708 nisi
322 661 490 722 plenus
521 662 870 708 misericordiae
902 668 948 709 et
978 662 1279 710 humanitatis
1311 666 1492 712 animus
1523 673 1595 712 est
1632 679 1796 712 secun-

202 731 313 778 dum
370 733 520 792 ipsius
572 732 876 793 professionis
929 732 1239 796 voluntatem,
1297 734 1562 782 hominibus
1614 735 1795 796 diisque

202 801 420 847 omnibus
464 803 603 848 invisi
646 801 818 848 debent
855 816 971 848 esse.
1038 802 1218 850 Idcirco
1260 818 1319 850 ne
1357 804 1570 851 hostibus
1608 804 1797 865 quidem

200 871 373 917 malum
418 871 811 918 medicamentum
864 871 1011 935 dabit,
1065 874 1146 934 qui
1198 880 1487 921 sacramento
1541 874 1797 920 medicinae
1823 889 1861 917 10

200 939 405 1002 legitime
437 947 509 988 est
539 941 792 1004 obligatus3
824 941 904 988 sed
935 948 1248 1003 persequetur
1279 958 1373 1007 eos,
1404 959 1511 991 cum
1538 959 1615 990 res
1637 950 1797 1005 postu-

200 1010 376 1073 laverit,
414 1017 467 1057 ut
503 1011 707 1058 militans
746 1019 792 1058 et
829 1013 942 1058 civis
980 1012 1130 1059 bonus
1161 1015 1288 1059 omni
1316 1014 1467 1076 modo,
1510 1015 1616 1075 quia
1653 1013 1797 1060 medi·

201 1082 304 1127 cina
340 1095 435 1127 non
472 1081 658 1128 fortuna
695 1096 849 1142 neque
883 1084 1098 1143 personis
1129 1085 1342 1130 aestimat
1370 1083 1596 1146 homines,
1634 1097 1798 1130 verum

200 1150 458 1212 aequaliter
502 1150 720 1198 omnibus
764 1151 1107 1213 inplorantibus
1146 1153 1312 1199 auxilia
1354 1168 1436 1199 sua
1473 1159 1797 1214 porrecturam

201 1227 247 1266 et
285 1235 618 1267 succursuram
657 1235 706 1267 se
744 1221 995 1281 pollicetur
1032 1221 1240 1283 nullique
1278 1237 1497 1284 umquam
1536 1224 1798 1269 nocituram
1821 1236 1860 1266 15

200 1290 461 1351 profitetur.
514 1289 837 1353 Hippocrates,
867 1291 1081 1337 conditor
1104 1298 1291 1338 nostrae
1314 1293 1634 1355 professionis,
1666 1293 1799 1339 initia

201 1359 472 1421 disciplinae
505 1359 561 1406 ab
592 1361 894 1407 iureiurando
926 1361 1131 1423 tradidit,
1167 1358 1232 1407 in'
1254 1376 1345 1423 quo
1381 1368 1593 1409 sanctum
1625 1369 1709 1425 est,
1746 1368 1799 1408 ut

200 1444 259 1476 ne
303 1431 545 1491 praegnati
584 1430 772 1491 quidem
809 1430 1221 1494 medicamentum,
1267 1446 1359 1493 quo
1406 1438 1685 1493 conceptum
1723 1446 1797 1478 ex·
1871 1447 1874 1448 ⁷

201 1501 399 1562 cutitur,
437 1506 518 1546 aut
562 1500 699 1546 detur
737 1506 816 1546 aut
855 1500 1203 1547 demonstretur
1253 1516 1278 1548 a
1323 1516 1557 1563 quoquam
1601 1502 1798 1564 medico,

199 1569 416 1616 videlicet
452 1569 589 1630 longe
627 1570 947 1631 praeformans
978 1572 1157 1617 animos
1188 1571 1468 1618 discentium
1500 1571 1554 1617 ad
1585 1571 1796 1618 humani·
1821 1585 1861 1615 20

200 1645 358 1687 tatem.
426 1639 516 1694 Qui
555 1642 678 1685 enim
716 1639 845 1686 nefas
884 1642 1250 1687 existimaverint
1288 1655 1369 1701 spe
1408 1640 1547 1687 dubia
1583 1641 1797 1687 homines

200 1708 405 1772 laedere,
459 1715 685 1770 quantum
730 1709 975 1756 scelestius
1019 1710 1228 1771 perfecto
1273 1712 1365 1757 iam
1409 1724 1579 1757 nocere
1623 1710 1797 1757 iudica-

199 1776 351 1825 bunt‘?
414 1778 569 1839 Magni
607 1793 717 1841 ergo
756 1781 1014 1826 aestimavit
1051 1793 1221 1826 nomen
1259 1780 1497 1842 decusque
1540 1779 1796 1827 medicinae

200 1863 479 1895 conservare
516 1851 593 1910 pio
626 1855 881 1911 sanctoque
911 1851 1063 1896 animo
1097 1864 1330 1911 quemque
1361 1850 1618 1897 secundum
1647 1851 1796 1911 ipsius

199 1920 494 1980 propositum
518 1933 567 1965 se
591 1925 853 1982 gerentem3
885 1921 1079 1966 scientia
1103 1921 1228 1966 enim
1252 1920 1456 1982 sanandi,
1479 1934 1573 1966 non
1596 1919 1797 1966 nocendi
1819 1933 1858 1964 25

201 1994 273 2034 est
309 1989 551 2035 medicina.
611 1989 739 2044 Quae
777 1991 869 2036 nisi
906 1991 1034 2036 omni
1069 1996 1201 2051 parte
1240 2005 1323 2037 sua
1352 1990 1488 2051 plene
1520 1989 1718 2036 excubat
1746 1991 1795 2035 in

200 2058 370 2105 auxilia
407 2058 734 2122 laborantium,
771 2074 866 2106 non
904 2066 1110 2122 praestat
1149 2075 1286 2121 quam
1323 2059 1571 2122 pollicetur
1599 2059 1796 2105 homini-

200 2127 289 2175 bus
333 2129 698 2177 misercordiam.
765 2129 989 2176 Desinant
1034 2144 1165 2193 ergo,
1214 2131 1294 2192 qui
1337 2129 1559 2191 prodesse
1598 2129 1796 2176 adflictis

200 2203 280 2244 aut
325 2198 491 2245 nolunt
539 2206 618 2246 aut
662 2214 756 2246 non
799 2206 1017 2261 possunt,
1064 2199 1178 2246 alios
1217 2214 1402 2262 quoque
1440 2199 1680 2246 deterrere
1718 2213 1796 2245 ne-

200 2267 350 2328 gando
388 2270 540 2330 aegris
579 2269 767 2332 auxilia,
814 2284 932 2330 quae
970 2284 1054 2331 per
1091 2271 1185 2316 vim
1221 2269 1667 2317 medicamentorum
1705 2269 1794 2315 fre·
1819 2283 1859 2312 30

200 2345 400 2398 quenter
446 2338 739 2386 exhibentur.
813 2338 999 2385 Etenim
1046 2342 1178 2401 quasi
1223 2354 1308 2401 per
1353 2339 1523 2400 gradus
1572 2339 1797 2400 quosdam

199 2407 431 2454 medicina
461 2408 781 2456 laborantibus
813 2411 1061 2457 succurrit.
1110 2409 1226 2456 Nam
1249 2411 1452 2471 primum
1476 2408 1593 2456 cibis
1617 2410 1796 2455 ratione

201 2483 402 2538 aptoque
441 2484 651 2540 tempore
690 2479 808 2526 datis
846 2484 1042 2540 temptat
1078 2480 1302 2540 prodesse
1333 2478 1681 2541 languentibus3
1720 2477 1796 2524 de-

199 2546 309 2593 inde
341 2549 381 2593 si
411 2547 467 2593 ad
491 2548 577 2595 hos
600 2563 694 2595 non
717 2549 1015 2611 responderit
1045 2551 1238 2613 curatio,
1269 2549 1325 2596 ad
1352 2549 1797 2596 medicamentorum

314 2657 339 2694 3
377 2654 495 2694 artes
532 2659 556 2696 1
566 2668 619 2696 m.
765 2661 788 2697 6
826 2655 873 2697 in
909 2655 1068 2708 quibus
1102 2656 1353 2700 Oornarius.
1511 2660 1561 2697 13
1591 2653 1794 2696 hominis.

204 2713 256 2750 14
292 2711 549 2763 prorectura
586 2711 706 2766 (ras.)
850 2715 901 2752 15
936 2713 981 2754 et
1010 2725 1087 2756 om.
1235 2717 1284 2754 17
1317 2711 1392 2767 ab]
1424 2711 1491 2754 ad.
1637 2714 1686 2752 19
1719 2711 1796 2752 aut

202 2764 348 2820 detur]
381 2765 567 2807 audetur
595 2771 671 2809 Im
701 2766 906 2809 audietur
935 2772 1029 2811 2m.
1145 2772 1197 2810 22
1230 2770 1394 2820 quanto
1427 2766 1676 2810 C'ornarius.
