1930 3008
863 113 1241 164 ——316—

249 254 345 286 non
383 245 570 286 austero
607 239 857 287 molliendo
894 243 1049 288 ventri
1077 241 1333 302 plurimum
1362 247 1574 305 prosunt,
1612 242 1652 288 si
1682 246 1729 288 et
1757 242 1847 303 ipsi
1903 229 1917 308 3⁵

250 309 595 356 manducentur
639 317 686 357 et
729 312 803 357 ius
847 310 963 357 illud
1007 311 1196 358 bibatur
1241 317 1348 358 ante
1393 311 1572 375 cibum,
1622 317 1676 358 ut
1722 313 1847 358 inter
1908 310 1917 363 s

249 379 499 440 prandium
538 386 585 426 et
621 395 783 427 cenam
822 380 975 427 alvum
1011 380 1180 427 leniter
1217 381 1406 428 molliat.

393 448 530 496 Ovilli
559 449 692 497 lactis
723 452 925 496 sextario
957 451 998 496 si
1028 452 1133 512 quis
1158 451 1326 498 adiciat
1349 453 1471 498 cnici
1493 452 1680 512 purgati
1701 450 1742 497 X
1765 449 1849 496 1111
1929 469 1930 479 ¹

251 526 299 566 et
336 519 598 566 discoctum
633 521 699 566 ita
735 519 911 582 ebibat,
946 519 1132 567 vmolliet
1168 527 1392 567 ventrem.
1459 520 1657 576 Quidam
1693 520 1845 568 tribus
1869 533 1891 566 5

250 589 453 636 heminis
491 591 587 636 vini
624 590 833 636 adiciunt
869 590 994 636 aloes
1032 590 1071 636 X
1109 592 1352 638 semissem
1394 597 1441 638 et
1477 592 1541 638 ita
1579 597 1728 638 totum
1764 604 1850 652 per

250 666 409 721 partes
446 674 564 721 aqua
603 661 800 706 mixtum
837 659 1025 722 bibunt,
1070 666 1123 707 ut
1165 660 1375 707 molliant
1414 666 1635 708 ventrem.
1704 660 1853 707 Solvit

252 735 408 776 autem
446 730 598 776 alvum
637 729 814 776 utiliter
851 731 952 790 ipsa
989 730 1088 776 aloe
1119 745 1203 792 per
1235 745 1284 777 se
1323 732 1555 777 victoriati
1595 727 1735 792 (vel)
1773 730 1852 779 de-

251 801 373 846 narii
409 799 617 860 pondere
655 814 712 846 ex
743 814 889 861 aquae
920 800 1097 862 cyathis
1130 799 1281 847 tribus
1312 800 1384 847 vel
1414 801 1609 862 frigidae
1641 800 1713 847 vel
1742 800 1849 847 cali·
1913 815 1926 826 ·

253 869 337 915 dae
378 875 576 930 epotata.
1876 884 1918 915 10

393 938 568 999 Purgat
605 941 778 1000 optime
816 946 1028 986 ventrem
1066 939 1327 986 chamelaea
1371 940 1537 1003 herba,
1581 954 1699 1001 quae
1744 939 1852 986 folia

253 1008 421 1055 similia
459 1009 604 1055 olivae
641 1008 795 1070 habet,
835 1024 1035 1070 quorum
1074 1011 1282 1070 quinque
1320 1010 1391 1056 vel
1425 1025 1506 1056 sex
1538 1010 1637 1057 dari
1668 1016 1853 1071 oportet

252 1079 364 1125 trita
409 1093 465 1124 ex
510 1093 656 1139 aquae
702 1078 878 1125 mulsae
925 1079 1103 1140 cyathis
1152 1085 1374 1139 quattuor
1423 1079 1638 1141 frigidae,
1692 1082 1731 1126 si
1775 1079 1852 1126 ad-

253 1153 417 1195 suetus
456 1149 566 1211 erit,
605 1149 681 1194 cui
719 1148 926 1194 remedio
965 1163 1083 1209 opus
1121 1154 1206 1211 est,
1244 1151 1317 1195 sin
1353 1150 1524 1210 minUS,
1563 1148 1738 1196 calidae
1776 1149 1852 1196 ad-

253 1219 375 1264 iecto
415 1217 524 1264 salis
562 1217 802 1279 cocliari03
841 1217 1044 1264 detrahit
1081 1220 1206 1264 enim
1243 1218 1435 1279 largiter
1463 1218 1618 1266 bilem.
1677 1218 1852 1280 Purgat
1877 1232 1917 1264 15

253 1287 373 1334 bene
404 1287 558 1334 alvum
588 1287 724 1334 filicis
755 1287 887 1333 radix
917 1287 1010 1334 lota
1043 1294 1090 1334 et
1119 1302 1223 1334 rasa
1254 1294 1393 1350 atque
1424 1291 1473 1335 in
1502 1290 1718 1335 minimas
1749 1304 1851 1350 par-

252 1356 420 1404 ticulas
459 1359 646 1404 concisa
684 1357 740 1403 ad
779 1359 1068 1404 semunciam
1101 1364 1232 1404 aceto
1264 1373 1467 1420 aspersa,
1505 1359 1672 1406 deinde
1706 1365 1851 1421 cocta,

252 1433 306 1474 ut
344 1427 463 1474 solet
498 1426 636 1474 holus
674 1429 832 1490 coqui,
879 1434 926 1474 et
969 1429 1033 1474 ita
1071 1442 1179 1474 cum
1217 1430 1348 1489 panis
1387 1430 1525 1475 uncia
1561 1437 1850 1490 consumpta.

393 1497 568 1558 Purgat
593 1497 713 1543 bene
735 1497 851 1543 11366
875 1499 1134 1559 conpositio
1159 1504 1390 1546 ventrem:
1415 1498 1551 1545 Alces
1570 1498 1607 1545 X
1628 1500 1850 1561 semissis,

253 1567 504 1629 colophoni
527 1566 566 1612 X
592 1566 645 1630 ὃς
675 1581 767 1613 11113
796 1573 1016 1614 teruntur
1039 1567 1168 1628 haec,
1192 1568 1392 1614 adicitur
1417 1568 1565 1614 mellis
1589 1569 1714 1630 quod
1738 1571 1849 1616 satis
1873 1583 1919 1612 20

253 1639 315 1684 sit
338 1637 392 1684 ad
419 1636 677 1698 colligenda
701 1651 766 1683 ea.
816 1637 961 1683 Datur
986 1651 1042 1683 ex
1066 1652 1212 1698 aquae
1236 1638 1411 1684 calidae
1435 1638 1507 1684 vel
1531 1639 1724 1699 frigidae
1749 1654 1850 1701 cya-

252 1707 347 1754 this
384 1706 482 1753 1111.
541 1706 640 1753 Hoc
680 1707 1071 1754 medicamentum
1109 1708 1399 1754 stomachum
1438 1722 1532 1754 non
1570 1711 1849 1770 conrumpit.

395 1776 580 1824 Globuli
618 1778 812 1824 mirifice
843 1784 1098 1838 purgantes
1128 1784 1354 1840 ventrem,
1392 1779 1472 1838 qui
1501 1784 1554 1824 ut
1584 1785 1849 1840 sumuntur,

251 1849 317 1894 ita
353 1849 526 1908 integri
556 1847 825 1894 deiciuntur
855 1862 942 1894 nec
972 1847 1163 1894 laedunt
1188 1847 1497 1908 stomachum,
1535 1848 1849 1895 conficiuntur

253 1919 342 1965 sic:
388 1917 646 1979 Colophoni
683 1916 857 1979 XIIII,
895 1917 1091 1964 bidellae
1129 1917 1168 1963 Χ
1199 1917 1260 1980 11,
1299 1919 1499 1979 gummis
1539 1917 1576 1964 Χ
1606 1917 1659 1964 ΙΙ.
1725 1917 1848 1965 Η366
1873 1930 1918 1961 25

252 1989 363 2034 trita
399 1987 608 2034 lactucae
648 2001 760 2034 suco
800 1986 1083 2048 colliguntur
1122 1994 1167 2034 et
1204 1989 1445 2048 finguntur
1475 1987 1644 2048 pilulae
1676 1990 1848 2049 magni-

252 2057 414 2104 tudine
468 2057 619 2119 fabae,
672 2057 842 2103 dantur
889 2072 915 2103 a
959 2057 1111 2104 tribus
1155 2057 1313 2119 pilulis
1358 2070 1508 2118 usque
1553 2058 1609 2104 ad
1657 2065 1850 2121 septem,

252 2133 393 2189 prout
431 2129 660 2188 cuiusque
698 2128 820 2173 vires
858 2128 1107 2188 patientur.

394 2197 600 2259 Globuli,
647 2199 727 2258 qui
772 2198 910 2243 etiam
949 2199 1134 2244 cenanti
1172 2198 1342 2244 dantur
1379 2202 1426 2243 et
1463 2196 1673 2243 efficiunt
1715 2211 1849 2244 mane

251 2268 430 2314 ventris
461 2267 770 2314 deiectionem
802 2275 1028 2329 quantum
1059 2269 1169 2314 satis
1201 2269 1274 2330 sit,
1305 2269 1394 2313 sic:
1424 2266 1680 2326 Colophoni
1711 2266 1750 2312 Χ
1773 2266 1847 2327 111,
1871 2281 1917 2310 30

251 2337 377 2384 aloes
422 2342 469 2384 et
512 2337 803 2398 tragacanthi
856 2337 1011 2400 binos;
1063 2337 1150 2384 hoc
1198 2337 1348 2398 pridie
1400 2350 1518 2396 aqua
1569 2341 1847 2397 maceratur,

251 2413 442 2469 postero
487 2407 561 2453 die
608 2409 778 2454 ceteris
823 2407 1128 2470 admiscetur3
1180 2408 1298 2453 fiunt
1345 2405 1452 2452 inde
1498 2404 1672 2466 globuli
1716 2405 1847 2451 fabae

253 2476 586 2539 magnitudine,
625 2477 794 2523 dantur
829 2492 852 2522 a
885 2477 1036 2524 tribus
1067 2491 1215 2538 usque
1247 2476 1302 2522 ad
1334 2475 1433 2538 VII3
1470 2482 1668 2535 prosunt
1704 2475 1847 2536 pluri-

252 2549 394 2594 mum'
419 2548 574 2593 ventri
611 2552 657 2593 et
695 2546 987 2594 stomachum
1025 2547 1152 2593 nullo
1189 2546 1326 2592 modo
1364 2552 1544 2591 vexant.

395 2658 415 2694 1
449 2653 593 2695 ventri
623 2653 889 2708 Stephanus:
920 2655 1083 2696 ventre.
1227 2657 1254 2693 4
1285 2651 1417 2707 cnici]
1449 2650 1576 2692 cicni.
1720 2654 1745 2691 8
1775 2650 1847 2692 vel

252 2709 407 2751 addidi
437 2722 457 2751 e
486 2709 679 2751 Scribon.
808 2714 860 2752 18
892 2709 1068 2762 quoqui.
1198 2713 1251 2749 20
1283 2706 1574 2761 colophoniae
1609 2706 1850 2750 Oornarius

250 2777 423 2818 semper.
541 2769 593 2806 29
625 2764 790 2807 cenabis
821 2765 1015 2808 Scribon.
