<?xml version="1.0" encoding="UTF-8"?>
<!DOCTYPE html PUBLIC "-//W3C//DTD XHTML 1.0 Transitional//EN"
    "http://www.w3.org/TR/xhtml1/DTD/xhtml1-transitional.dtd">
<html xmlns="http://www.w3.org/1999/xhtml" xml:lang="en" lang="en">
 <head>
  <title>
</title>
<meta http-equiv="Content-Type" content="text/html;charset=utf-8" />
  <meta name='ocr-system' content='tesseract 3.04.00' />
  <meta name='ocr-capabilities' content='ocr_page ocr_carea ocr_par ocr_line ocrx_word'/>
</head>
<body>
  <div class='ocr_page' id='page_1' title='image "./demedicamentisli00marcuoft_0174.png"; bbox 0 0 1898 3016; ppageno 0'>
   <div class='ocr_carea' id='block_1_1' title="bbox 810 92 1185 166">
    <p class='ocr_par' dir='ltr' id='par_1_1' title="bbox 810 92 1185 166">
     <span class='ocr_line' id='line_1_1' title="bbox 810 92 1185 166; baseline 0.005 -2"><span class='ocrx_word' id='word_1_1' title='bbox 810 145 868 151; x_wconf 85' lang='lat'>-</span> <span class='ocrx_word' id='word_1_2' title='bbox 949 116 1048 166; x_wconf 82' lang='lat'>162</span> <span class='ocrx_word' id='word_1_3' title='bbox 1126 92 1185 151; x_wconf 73' lang='grc'>-’</span> 
     </span>
    </p>
   </div>
   <div class='ocr_carea' id='block_1_2' title="bbox 106 244 1856 2521">
    <p class='ocr_par' dir='ltr' id='par_1_2' title="bbox 106 244 1856 2521">
     <span class='ocr_line' id='line_1_2' title="bbox 195 244 1788 305; baseline 0.001 -16"><span class='ocrx_word' id='word_1_4' title='bbox 195 249 360 303; x_wconf 85' lang='lat' dir='ltr'>genter</span> <span class='ocrx_word' id='word_1_5' title='bbox 404 244 454 290; x_wconf 90' lang='lat' dir='ltr'>in</span> <span class='ocrx_word' id='word_1_6' title='bbox 491 257 600 290; x_wconf 89' lang='lat' dir='ltr'>vaso</span> <span class='ocrx_word' id='word_1_7' title='bbox 638 244 787 290; x_wconf 90' lang='lat' dir='ltr'>vitreo</span> <span class='ocrx_word' id='word_1_8' title='bbox 826 257 1026 305; x_wconf 84' lang='lat' dir='ltr'><strong>repones</strong></span> <span class='ocrx_word' id='word_1_9' title='bbox 1064 250 1203 304; x_wconf 88' lang='lat' dir='ltr'>atque</span> <span class='ocrx_word' id='word_1_10' title='bbox 1242 258 1296 290; x_wconf 87' lang='lat' dir='ltr'>ex</span> <span class='ocrx_word' id='word_1_11' title='bbox 1336 258 1391 290; x_wconf 91' lang='lat' dir='ltr'>eo</span> <span class='ocrx_word' id='word_1_12' title='bbox 1431 245 1617 291; x_wconf 89' lang='lat' dir='ltr'>ieiunus</span> <span class='ocrx_word' id='word_1_13' title='bbox 1656 250 1788 291; x_wconf 88' lang='lat' dir='ltr'>terna</span> 
     </span>
     <span class='ocr_line' id='line_1_3' title="bbox 197 312 1790 375; baseline 0.001 -16"><span class='ocrx_word' id='word_1_14' title='bbox 197 312 424 359; x_wconf 88' lang='lat' dir='ltr'>coclearia</span> <span class='ocrx_word' id='word_1_15' title='bbox 469 313 660 360; x_wconf 82' lang='lat' dir='ltr'>cottidie</span> <span class='ocrx_word' id='word_1_16' title='bbox 707 327 885 375; x_wconf 82' lang='lat' dir='ltr'>sumes3</span> <span class='ocrx_word' id='word_1_17' title='bbox 931 327 1077 374; x_wconf 90' lang='lat' dir='ltr'>aeque</span> <span class='ocrx_word' id='word_1_18' title='bbox 1122 313 1314 373; x_wconf 90' lang='lat' dir='ltr'>prodest</span> <span class='ocrx_word' id='word_1_19' title='bbox 1358 313 1586 361; x_wconf 89' lang='lat' dir='ltr'>marrubii</span> <span class='ocrx_word' id='word_1_20' title='bbox 1626 314 1790 360; x_wconf 88' lang='lat' dir='ltr'>viridis</span> 
     </span>
     <span class='ocr_line' id='line_1_4' title="bbox 196 382 1790 444; baseline 0.001 -16"><span class='ocrx_word' id='word_1_21' title='bbox 196 396 339 429; x_wconf 90' lang='lat' dir='ltr'>sucus</span> <span class='ocrx_word' id='word_1_22' title='bbox 385 397 492 429; x_wconf 92' lang='lat' dir='ltr'>cum</span> <span class='ocrx_word' id='word_1_23' title='bbox 545 382 697 429; x_wconf 90' lang='lat' dir='ltr'>mellis</span> <span class='ocrx_word' id='word_1_24' title='bbox 742 382 1004 444; x_wconf 81' lang='lat' dir='ltr'>despumati</span> <span class='ocrx_word' id='word_1_25' title='bbox 1051 385 1152 443; x_wconf 88' lang='lat' dir='ltr'>pari</span> <span class='ocrx_word' id='word_1_26' title='bbox 1199 397 1420 430; x_wconf 91' lang='lat' dir='ltr'>mensura</span> <span class='ocrx_word' id='word_1_27' title='bbox 1471 383 1693 430; x_wconf 90' lang='lat' dir='ltr'>decoctus</span> <span class='ocrx_word' id='word_1_28' title='bbox 1743 391 1790 430; x_wconf 93' lang='lat' dir='ltr'>et</span> 
     </span>
     <span class='ocr_line' id='line_1_5' title="bbox 196 451 1337 514; baseline 0 -16"><span class='ocrx_word' id='word_1_29' title='bbox 196 452 408 499; x_wconf 90' lang='lat' dir='ltr'>cocleare</span> <span class='ocrx_word' id='word_1_30' title='bbox 445 451 583 513; x_wconf 90' lang='lat' dir='ltr'>pleno</span> <span class='ocrx_word' id='word_1_31' title='bbox 622 467 756 499; x_wconf 90' lang='lat' dir='ltr'>mane</span> <span class='ocrx_word' id='word_1_32' title='bbox 795 458 1010 513; x_wconf 91' lang='lat' dir='ltr'>sumptus</span> <span class='ocrx_word' id='word_1_33' title='bbox 1049 459 1095 498; x_wconf 92' lang='lat' dir='ltr'>et</span> <span class='ocrx_word' id='word_1_34' title='bbox 1133 467 1337 514; x_wconf 89' lang='lat' dir='ltr'>vespere.</span> 
     </span>
     <span class='ocr_line' id='line_1_6' title="bbox 111 521 1834 582; baseline -0.001 -14"><span class='ocrx_word' id='word_1_35' title='bbox 111 531 163 568; x_wconf 81' lang='lat'>42</span> <span class='ocrx_word' id='word_1_36' title='bbox 335 521 490 568; x_wconf 87' lang='lat' dir='ltr'>Herba</span> <span class='ocrx_word' id='word_1_37' title='bbox 534 523 788 582; x_wconf 81' lang='lat' dir='ltr'>argimonia</span> <span class='ocrx_word' id='word_1_38' title='bbox 835 523 1034 568; x_wconf 88' lang='lat' dir='ltr'>contrita</span> <span class='ocrx_word' id='word_1_39' title='bbox 1079 527 1126 568; x_wconf 93' lang='lat' dir='ltr'>et</span> <span class='ocrx_word' id='word_1_40' title='bbox 1177 537 1232 568; x_wconf 91' lang='lat' dir='ltr'>ex</span> <span class='ocrx_word' id='word_1_41' title='bbox 1286 523 1391 568; x_wconf 91' lang='lat' dir='ltr'>vino</span> <span class='ocrx_word' id='word_1_42' title='bbox 1444 529 1600 569; x_wconf 90' lang='lat' dir='ltr'>vetere</span> <span class='ocrx_word' id='word_1_43' title='bbox 1646 522 1834 569; x_wconf 69' lang='lat' dir='ltr'>dilutas</span> 
     </span>
     <span class='ocr_line' id='line_1_7' title="bbox 195 591 1791 655; baseline 0.001 -18"><span class='ocrx_word' id='word_1_44' title='bbox 195 593 329 652; x_wconf 92' lang='lat' dir='ltr'>potui</span> <span class='ocrx_word' id='word_1_45' title='bbox 365 591 471 638; x_wconf 90' lang='lat' dir='ltr'>data</span> <span class='ocrx_word' id='word_1_46' title='bbox 507 593 646 638; x_wconf 91' lang='lat' dir='ltr'>unice</span> <span class='ocrx_word' id='word_1_47' title='bbox 683 591 994 638; x_wconf 82' lang='lat' dir='ltr'>tussientibus</span> <span class='ocrx_word' id='word_1_48' title='bbox 1031 592 1236 654; x_wconf 86' lang='lat' dir='ltr'>prodest,</span> <span class='ocrx_word' id='word_1_49' title='bbox 1273 598 1443 653; x_wconf 89' lang='lat' dir='ltr'>tamen,</span> <span class='ocrx_word' id='word_1_50' title='bbox 1480 598 1532 639; x_wconf 92' lang='lat' dir='ltr'>ut</span> <span class='ocrx_word' id='word_1_51' title='bbox 1569 592 1678 655; x_wconf 84' lang='lat' dir='ltr'>dixi,</span> <span class='ocrx_word' id='word_1_52' title='bbox 1712 593 1791 652; x_wconf 90' lang='lat' dir='ltr'>qui</span> 
     </span>
     <span class='ocr_line' id='line_1_8' title="bbox 110 661 1790 723; baseline 0 -16"><span class='ocrx_word' id='word_1_53' title='bbox 110 671 163 708; x_wconf 86' lang='lat'>43</span> <span class='ocrx_word' id='word_1_54' title='bbox 194 661 525 708; x_wconf 89' lang='lat' dir='ltr'>remediandus</span> <span class='ocrx_word' id='word_1_55' title='bbox 564 667 635 707; x_wconf 90' lang='lat' dir='ltr'>est</span> <span class='ocrx_word' id='word_1_56' title='bbox 671 662 858 708; x_wconf 87' lang='lat' dir='ltr'>ieiunus</span> <span class='ocrx_word' id='word_1_57' title='bbox 896 663 1105 722; x_wconf 88' lang='lat' dir='ltr'>accipiat.</span> <span class='ocrx_word' id='word_1_58' title='bbox 1171 661 1311 708; x_wconf 90' lang='lat' dir='ltr'>Betae</span> <span class='ocrx_word' id='word_1_59' title='bbox 1349 661 1479 708; x_wconf 82' lang='lat' dir='ltr'>radix</span> <span class='ocrx_word' id='word_1_60' title='bbox 1515 663 1676 723; x_wconf 89' lang='lat' dir='ltr'>pipere</span> <span class='ocrx_word' id='word_1_61' title='bbox 1715 661 1790 707; x_wconf 86' lang='lat' dir='ltr'>ad-</span> 
     </span>
     <span class='ocr_line' id='line_1_9' title="bbox 194 731 1790 792; baseline 0 -15"><span class='ocrx_word' id='word_1_62' title='bbox 194 732 315 777; x_wconf 91' lang='lat' dir='ltr'>iecto</span> <span class='ocrx_word' id='word_1_63' title='bbox 355 732 631 792; x_wconf 88' lang='lat' dir='ltr'>conteritur,</span> <span class='ocrx_word' id='word_1_64' title='bbox 669 745 725 776; x_wconf 86' lang='lat' dir='ltr'>ex</span> <span class='ocrx_word' id='word_1_65' title='bbox 763 745 818 777; x_wconf 89' lang='lat' dir='ltr'>eo</span> <span class='ocrx_word' id='word_1_66' title='bbox 856 731 912 777; x_wconf 89' lang='lat' dir='ltr'>ad</span> <span class='ocrx_word' id='word_1_67' title='bbox 950 733 1127 792; x_wconf 88' lang='lat' dir='ltr'>piperis</span> <span class='ocrx_word' id='word_1_68' title='bbox 1165 732 1531 792; x_wconf 81' lang='lat' dir='ltr'>magnitudinem</span> <span class='ocrx_word' id='word_1_69' title='bbox 1561 732 1790 792; x_wconf 85' lang='lat' dir='ltr'>catapotia</span> 
     </span>
     <span class='ocr_line' id='line_1_10' title="bbox 194 800 1790 864; baseline 0.001 -18"><span class='ocrx_word' id='word_1_70' title='bbox 194 801 326 863; x_wconf 85' lang='lat' dir='ltr'>fiunt,</span> <span class='ocrx_word' id='word_1_71' title='bbox 355 800 464 847; x_wconf 90' lang='lat' dir='ltr'>inde</span> <span class='ocrx_word' id='word_1_72' title='bbox 488 800 596 847; x_wconf 90' lang='lat' dir='ltr'>bina</span> <span class='ocrx_word' id='word_1_73' title='bbox 626 802 783 847; x_wconf 93' lang='lat' dir='ltr'>ieiuno</span> <span class='ocrx_word' id='word_1_74' title='bbox 815 801 920 847; x_wconf 89' lang='lat' dir='ltr'>data</span> <span class='ocrx_word' id='word_1_75' title='bbox 951 801 1247 864; x_wconf 81' lang='lat' dir='ltr'>devorantur,</span> <span class='ocrx_word' id='word_1_76' title='bbox 1278 802 1426 848; x_wconf 89' lang='lat' dir='ltr'>donec</span> <span class='ocrx_word' id='word_1_77' title='bbox 1453 802 1597 848; x_wconf 90' lang='lat' dir='ltr'>tussis</span> <span class='ocrx_word' id='word_1_78' title='bbox 1626 802 1790 847; x_wconf 87' lang='lat' dir='ltr'>vitium</span> 
     </span>
     <span class='ocr_line' id='line_1_11' title="bbox 110 869 1856 932; baseline -0.001 -16"><span class='ocrx_word' id='word_1_79' title='bbox 110 881 165 917; x_wconf 88' lang='lat'>44</span> <span class='ocrx_word' id='word_1_80' title='bbox 196 876 515 917; x_wconf 85' lang='lat' dir='ltr'>consenescat.</span> <span class='ocrx_word' id='word_1_81' title='bbox 581 869 733 917; x_wconf 89' lang='lat' dir='ltr'>Fabae</span> <span class='ocrx_word' id='word_1_82' title='bbox 778 870 951 917; x_wconf 89' lang='lat' dir='ltr'>solidae</span> <span class='ocrx_word' id='word_1_83' title='bbox 993 885 1188 932; x_wconf 90' lang='lat' dir='ltr'>granum</span> <span class='ocrx_word' id='word_1_84' title='bbox 1226 871 1434 918; x_wconf 87' lang='lat' dir='ltr'>infusum</span> <span class='ocrx_word' id='word_1_85' title='bbox 1471 872 1519 917; x_wconf 93' lang='lat' dir='ltr'>in</span> <span class='ocrx_word' id='word_1_86' title='bbox 1557 885 1677 932; x_wconf 88' lang='lat' dir='ltr'>aqua</span> <span class='ocrx_word' id='word_1_87' title='bbox 1713 870 1789 917; x_wconf 90' lang='lat' dir='ltr'>ad·</span> <span class='ocrx_word' id='word_1_88' title='bbox 1814 884 1856 915; x_wconf 87' lang='lat'>10</span> 
     </span>
     <span class='ocr_line' id='line_1_12' title="bbox 196 939 1791 1002; baseline 0 -16"><span class='ocrx_word' id='word_1_89' title='bbox 196 954 346 1001; x_wconf 87' lang='lat' dir='ltr'>eoque</span> <span class='ocrx_word' id='word_1_90' title='bbox 391 939 625 1002; x_wconf 89' lang='lat' dir='ltr'>inflatum,</span> <span class='ocrx_word' id='word_1_91' title='bbox 670 946 724 987; x_wconf 90' lang='lat' dir='ltr'>ut</span> <span class='ocrx_word' id='word_1_92' title='bbox 768 940 872 1001; x_wconf 92' lang='lat' dir='ltr'>plus</span> <span class='ocrx_word' id='word_1_93' title='bbox 917 943 1095 987; x_wconf 91' lang='lat' dir='ltr'>umoris</span> <span class='ocrx_word' id='word_1_94' title='bbox 1139 947 1341 1002; x_wconf 88' lang='lat' dir='ltr'>nequeat</span> <span class='ocrx_word' id='word_1_95' title='bbox 1379 941 1589 1002; x_wconf 89' lang='lat' dir='ltr'>haurire,</span> <span class='ocrx_word' id='word_1_96' title='bbox 1635 939 1791 987; x_wconf 90' lang='lat' dir='ltr'>subito</span> 
     </span>
     <span class='ocr_line' id='line_1_13' title="bbox 110 1009 1791 1057; baseline 0 -1"><span class='ocrx_word' id='word_1_97' title='bbox 110 1020 164 1057; x_wconf 86' lang='lat'>45</span> <span class='ocrx_word' id='word_1_98' title='bbox 197 1009 471 1056; x_wconf 90' lang='lat' dir='ltr'>devoratum</span> <span class='ocrx_word' id='word_1_99' title='bbox 515 1016 695 1056; x_wconf 89' lang='lat' dir='ltr'>tussem</span> <span class='ocrx_word' id='word_1_100' title='bbox 743 1011 860 1056; x_wconf 91' lang='lat' dir='ltr'>mire</span> <span class='ocrx_word' id='word_1_101' title='bbox 908 1010 1040 1057; x_wconf 91' lang='lat' dir='ltr'>tollit.</span> <span class='ocrx_word' id='word_1_102' title='bbox 1113 1010 1299 1057; x_wconf 89' lang='lat' dir='ltr'>Lotium</span> <span class='ocrx_word' id='word_1_103' title='bbox 1351 1010 1605 1056; x_wconf 90' lang='lat' dir='ltr'>humanum</span> <span class='ocrx_word' id='word_1_104' title='bbox 1657 1016 1791 1056; x_wconf 90' lang='lat' dir='ltr'>vetus</span> 
     </span>
     <span class='ocr_line' id='line_1_14' title="bbox 196 1079 1791 1142; baseline -0.001 -17"><span class='ocrx_word' id='word_1_105' title='bbox 196 1079 377 1126; x_wconf 87' lang='lat' dir='ltr'>adiecto</span> <span class='ocrx_word' id='word_1_106' title='bbox 416 1093 569 1141; x_wconf 89' lang='lat' dir='ltr'>croco,</span> <span class='ocrx_word' id='word_1_107' title='bbox 610 1086 660 1126; x_wconf 87' lang='lat' dir='ltr'>ut</span> <span class='ocrx_word' id='word_1_108' title='bbox 698 1079 812 1126; x_wconf 87' lang='lat' dir='ltr'>odor</span> <span class='ocrx_word' id='word_1_109' title='bbox 850 1082 951 1126; x_wconf 93' lang='lat' dir='ltr'>eius</span> <span class='ocrx_word' id='word_1_110' title='bbox 989 1079 1244 1142; x_wconf 88' lang='lat' dir='ltr'>occulatur,</span> <span class='ocrx_word' id='word_1_111' title='bbox 1284 1080 1561 1126; x_wconf 88' lang='lat' dir='ltr'>exhaustum</span> <span class='ocrx_word' id='word_1_112' title='bbox 1608 1085 1791 1125; x_wconf 85' lang='lat' dir='ltr'>veteres</span> 
     </span>
     <span class='ocr_line' id='line_1_15' title="bbox 111 1147 1792 1212; baseline -0.001 -16"><span class='ocrx_word' id='word_1_113' title='bbox 111 1160 164 1198; x_wconf 86' lang='lat'>46</span> <span class='ocrx_word' id='word_1_114' title='bbox 196 1157 352 1196; x_wconf 89' lang='lat' dir='ltr'>tusses</span> <span class='ocrx_word' id='word_1_115' title='bbox 390 1155 437 1195; x_wconf 91' lang='lat' dir='ltr'>et</span> <span class='ocrx_word' id='word_1_116' title='bbox 474 1163 576 1212; x_wconf 82' lang='lat' dir='ltr'>eOS,</span> <span class='ocrx_word' id='word_1_117' title='bbox 621 1151 702 1210; x_wconf 89' lang='lat' dir='ltr'>qui</span> <span class='ocrx_word' id='word_1_118' title='bbox 747 1163 903 1195; x_wconf 88' lang='lat' dir='ltr'>crassa</span> <span class='ocrx_word' id='word_1_119' title='bbox 940 1151 1109 1210; x_wconf 89' lang='lat' dir='ltr'>pituita</span> <span class='ocrx_word' id='word_1_120' title='bbox 1147 1155 1394 1211; x_wconf 87' lang='lat' dir='ltr'>vexantur,</span> <span class='ocrx_word' id='word_1_121' title='bbox 1439 1149 1667 1196; x_wconf 88' lang='lat' dir='ltr'>emendat.</span> <span class='ocrx_word' id='word_1_122' title='bbox 1742 1147 1792 1194; x_wconf 89' lang='lat' dir='ltr'>Si</span> 
     </span>
     <span class='ocr_line' id='line_1_16' title="bbox 196 1218 1856 1281; baseline -0.001 -17"><span class='ocrx_word' id='word_1_123' title='bbox 196 1220 274 1265; x_wconf 90' lang='lat' dir='ltr'>cui</span> <span class='ocrx_word' id='word_1_124' title='bbox 310 1218 450 1264; x_wconf 89' lang='lat' dir='ltr'>saliva</span> <span class='ocrx_word' id='word_1_125' title='bbox 487 1218 704 1264; x_wconf 89' lang='lat' dir='ltr'>resiliens</span> <span class='ocrx_word' id='word_1_126' title='bbox 741 1224 921 1265; x_wconf 88' lang='lat' dir='ltr'>tussem</span> <span class='ocrx_word' id='word_1_127' title='bbox 959 1221 1174 1281; x_wconf 90' lang='lat' dir='ltr'>moverit,</span> <span class='ocrx_word' id='word_1_128' title='bbox 1220 1219 1386 1279; x_wconf 90' lang='lat' dir='ltr'>aliquis</span> <span class='ocrx_word' id='word_1_129' title='bbox 1425 1220 1468 1265; x_wconf 92' lang='lat' dir='ltr'>ei</span> <span class='ocrx_word' id='word_1_130' title='bbox 1503 1220 1552 1265; x_wconf 93' lang='lat' dir='ltr'>in</span> <span class='ocrx_word' id='word_1_131' title='bbox 1590 1218 1792 1264; x_wconf 88' lang='lat' dir='ltr'>frontem</span> <span class='ocrx_word' id='word_1_132' title='bbox 1814 1231 1856 1263; x_wconf 85' lang='lat'>15</span> 
     </span>
     <span class='ocr_line' id='line_1_17' title="bbox 110 1287 1789 1350; baseline -0.001 -16"><span class='ocrx_word' id='word_1_133' title='bbox 110 1298 164 1336; x_wconf 81' lang='lat'>47</span> <span class='ocrx_word' id='word_1_134' title='bbox 196 1287 366 1350; x_wconf 88' lang='lat' dir='ltr'>sufflet,</span> <span class='ocrx_word' id='word_1_135' title='bbox 397 1290 555 1334; x_wconf 91' lang='lat' dir='ltr'>statim</span> <span class='ocrx_word' id='word_1_136' title='bbox 585 1287 771 1335; x_wconf 88' lang='lat' dir='ltr'>desinit.</span> <span class='ocrx_word' id='word_1_137' title='bbox 816 1287 884 1334; x_wconf 88' lang='lat' dir='ltr'>Ex</span> <span class='ocrx_word' id='word_1_138' title='bbox 917 1303 1001 1335; x_wconf 84' lang='lat' dir='ltr'>ovo</span> <span class='ocrx_word' id='word_1_139' title='bbox 1033 1289 1151 1335; x_wconf 90' lang='lat' dir='ltr'>duro</span> <span class='ocrx_word' id='word_1_140' title='bbox 1181 1290 1380 1335; x_wconf 89' lang='lat' dir='ltr'>interius</span> <span class='ocrx_word' id='word_1_141' title='bbox 1412 1289 1536 1350; x_wconf 91' lang='lat' dir='ltr'>quod</span> <span class='ocrx_word' id='word_1_142' title='bbox 1561 1295 1632 1334; x_wconf 91' lang='lat' dir='ltr'>est</span> <span class='ocrx_word' id='word_1_143' title='bbox 1653 1302 1789 1350; x_wconf 90' lang='lat' dir='ltr'>passo</span> 
     </span>
     <span class='ocr_line' id='line_1_18' title="bbox 194 1357 1789 1420; baseline -0.001 -16"><span class='ocrx_word' id='word_1_144' title='bbox 194 1359 410 1404; x_wconf 88' lang='lat' dir='ltr'>intritum</span> <span class='ocrx_word' id='word_1_145' title='bbox 456 1357 651 1405; x_wconf 89' lang='lat' dir='ltr'>adiectis</span> <span class='ocrx_word' id='word_1_146' title='bbox 696 1373 843 1419; x_wconf 89' lang='lat' dir='ltr'>aquae</span> <span class='ocrx_word' id='word_1_147' title='bbox 888 1358 1062 1405; x_wconf 91' lang='lat' dir='ltr'>calidae</span> <span class='ocrx_word' id='word_1_148' title='bbox 1108 1358 1285 1420; x_wconf 87' lang='lat' dir='ltr'>cyathis</span> <span class='ocrx_word' id='word_1_149' title='bbox 1330 1358 1513 1405; x_wconf 92' lang='lat' dir='ltr'>duobus</span> <span class='ocrx_word' id='word_1_150' title='bbox 1559 1360 1619 1419; x_wconf 91' lang='lat' dir='ltr'>si,</span> <span class='ocrx_word' id='word_1_151' title='bbox 1664 1364 1789 1404; x_wconf 89' lang='lat' dir='ltr'>ante·</span> 
     </span>
     <span class='ocr_line' id='line_1_19' title="bbox 196 1426 1790 1491; baseline 0 -17"><span class='ocrx_word' id='word_1_152' title='bbox 196 1441 334 1489; x_wconf 85' lang='lat' dir='ltr'>quam</span> <span class='ocrx_word' id='word_1_153' title='bbox 372 1426 585 1474; x_wconf 91' lang='lat' dir='ltr'>cubitum</span> <span class='ocrx_word' id='word_1_154' title='bbox 622 1442 720 1491; x_wconf 90' lang='lat' dir='ltr'>eas,</span> <span class='ocrx_word' id='word_1_155' title='bbox 765 1427 962 1490; x_wconf 88' lang='lat' dir='ltr'>biberis,</span> <span class='ocrx_word' id='word_1_156' title='bbox 1011 1429 1289 1489; x_wconf 87' lang='lat' dir='ltr'>quietiorem</span> <span class='ocrx_word' id='word_1_157' title='bbox 1335 1443 1359 1474; x_wconf 92' lang='lat' dir='ltr'>a</span> <span class='ocrx_word' id='word_1_158' title='bbox 1404 1429 1524 1475; x_wconf 89' lang='lat' dir='ltr'>tussi</span> <span class='ocrx_word' id='word_1_159' title='bbox 1567 1429 1790 1474; x_wconf 89' lang='lat' dir='ltr'>maiorem</span> 
     </span>
     <span class='ocr_line' id='line_1_20' title="bbox 191 1497 1790 1559; baseline 0 -15"><span class='ocrx_word' id='word_1_160' title='bbox 191 1503 375 1558; x_wconf 88' lang='lat' dir='ltr'>partem</span> <span class='ocrx_word' id='word_1_161' title='bbox 421 1499 573 1544; x_wconf 91' lang='lat' dir='ltr'>noctis</span> <span class='ocrx_word' id='word_1_162' title='bbox 617 1497 811 1544; x_wconf 89' lang='lat' dir='ltr'>habebis</span> <span class='ocrx_word' id='word_1_163' title='bbox 857 1504 904 1544; x_wconf 91' lang='lat' dir='ltr'>et</span> <span class='ocrx_word' id='word_1_164' title='bbox 948 1499 1050 1544; x_wconf 85' lang='lat' dir='ltr'>eius</span> <span class='ocrx_word' id='word_1_165' title='bbox 1094 1500 1297 1559; x_wconf 90' lang='lat' dir='ltr'>potionis</span> <span class='ocrx_word' id='word_1_166' title='bbox 1339 1498 1617 1544; x_wconf 83' lang='lat' dir='ltr'>adsiduitate</span> <span class='ocrx_word' id='word_1_167' title='bbox 1663 1512 1790 1544; x_wconf 89' lang='lat' dir='ltr'>sana-</span> 
     </span>
     <span class='ocr_line' id='line_1_21' title="bbox 110 1566 1856 1630; baseline -0.001 -17"><span class='ocrx_word' id='word_1_168' title='bbox 110 1577 164 1614; x_wconf 85' lang='lat'>48</span> <span class='ocrx_word' id='word_1_169' title='bbox 194 1566 321 1613; x_wconf 86' lang='lat' dir='ltr'>bere.</span> <span class='ocrx_word' id='word_1_170' title='bbox 374 1566 499 1614; x_wconf 88' lang='lat' dir='ltr'>Faba</span> <span class='ocrx_word' id='word_1_171' title='bbox 528 1568 651 1614; x_wconf 90' lang='lat' dir='ltr'>fresa</span> <span class='ocrx_word' id='word_1_172' title='bbox 681 1567 1006 1630; x_wconf 76' lang='lat' dir='ltr'>tussientibus,</span> <span class='ocrx_word' id='word_1_173' title='bbox 1036 1570 1085 1614; x_wconf 90' lang='lat' dir='ltr'>in</span> <span class='ocrx_word' id='word_1_174' title='bbox 1117 1583 1206 1629; x_wconf 88' lang='lat' dir='ltr'>qua</span> <span class='ocrx_word' id='word_1_175' title='bbox 1237 1567 1388 1614; x_wconf 90' lang='lat' dir='ltr'>aleum</span> <span class='ocrx_word' id='word_1_176' title='bbox 1420 1573 1606 1614; x_wconf 90' lang='lat' dir='ltr'>coctum</span> <span class='ocrx_word' id='word_1_177' title='bbox 1636 1567 1792 1630; x_wconf 83' lang='lat' dir='ltr'>fuerit,</span> <span class='ocrx_word' id='word_1_178' title='bbox 1814 1580 1856 1610; x_wconf 84' lang='lat'>20</span> 
     </span>
     <span class='ocr_line' id='line_1_22' title="bbox 193 1636 1792 1699; baseline 0.001 -17"><span class='ocrx_word' id='word_1_179' title='bbox 193 1638 393 1683; x_wconf 86' lang='lat' dir='ltr'>maxime</span> <span class='ocrx_word' id='word_1_180' title='bbox 439 1636 634 1698; x_wconf 89' lang='lat' dir='ltr'>prodest</span> <span class='ocrx_word' id='word_1_181' title='bbox 677 1637 750 1683; x_wconf 88' lang='lat' dir='ltr'>vel</span> <span class='ocrx_word' id='word_1_182' title='bbox 794 1651 849 1683; x_wconf 87' lang='lat' dir='ltr'>ex</span> <span class='ocrx_word' id='word_1_183' title='bbox 894 1637 1029 1684; x_wconf 89' lang='lat' dir='ltr'>melle</span> <span class='ocrx_word' id='word_1_184' title='bbox 1074 1639 1122 1684; x_wconf 91' lang='lat' dir='ltr'>in</span> <span class='ocrx_word' id='word_1_185' title='bbox 1168 1637 1271 1684; x_wconf 89' lang='lat' dir='ltr'>cibo</span> <span class='ocrx_word' id='word_1_186' title='bbox 1318 1643 1502 1699; x_wconf 89' lang='lat' dir='ltr'>sumpta</span> <span class='ocrx_word' id='word_1_187' title='bbox 1539 1637 1792 1683; x_wconf 86' lang='lat' dir='ltr'>efficaciter</span> 
     </span>
     <span class='ocr_line' id='line_1_23' title="bbox 194 1706 1792 1769; baseline -0.001 -16"><span class='ocrx_word' id='word_1_188' title='bbox 194 1706 456 1753; x_wconf 89' lang='lat' dir='ltr'>remedium</span> <span class='ocrx_word' id='word_1_189' title='bbox 493 1713 713 1769; x_wconf 83' lang='lat' dir='ltr'>praestat,</span> <span class='ocrx_word' id='word_1_190' title='bbox 752 1707 833 1753; x_wconf 91' lang='lat' dir='ltr'>sed</span> <span class='ocrx_word' id='word_1_191' title='bbox 873 1713 919 1753; x_wconf 88' lang='lat' dir='ltr'>et</span> <span class='ocrx_word' id='word_1_192' title='bbox 947 1706 1224 1767; x_wconf 89' lang='lat' dir='ltr'>purulentas</span> <span class='ocrx_word' id='word_1_193' title='bbox 1255 1708 1573 1754; x_wconf 90' lang='lat' dir='ltr'>excreationes</span> <span class='ocrx_word' id='word_1_194' title='bbox 1604 1706 1792 1753; x_wconf 87' lang='lat' dir='ltr'>cohibet</span> 
     </span>
     <span class='ocr_line' id='line_1_24' title="bbox 111 1775 1790 1839; baseline -0.001 -17"><span class='ocrx_word' id='word_1_195' title='bbox 111 1785 164 1823; x_wconf 87' lang='lat'>49</span> <span class='ocrx_word' id='word_1_196' title='bbox 198 1782 244 1822; x_wconf 91' lang='lat' dir='ltr'>et</span> <span class='ocrx_word' id='word_1_197' title='bbox 282 1782 426 1823; x_wconf 90' lang='lat' dir='ltr'>sanat.</span> <span class='ocrx_word' id='word_1_198' title='bbox 494 1775 635 1823; x_wconf 88' lang='lat' dir='ltr'>Ficus</span> <span class='ocrx_word' id='word_1_199' title='bbox 673 1778 824 1823; x_wconf 88' lang='lat' dir='ltr'>siccae</span> <span class='ocrx_word' id='word_1_200' title='bbox 865 1785 962 1823; x_wconf 86' lang='lat' dir='ltr'>tres</span> <span class='ocrx_word' id='word_1_201' title='bbox 1001 1791 1108 1823; x_wconf 91' lang='lat' dir='ltr'>cum</span> <span class='ocrx_word' id='word_1_202' title='bbox 1144 1777 1310 1839; x_wconf 85' lang='lat' dir='ltr'>hysopi</span> <span class='ocrx_word' id='word_1_203' title='bbox 1346 1777 1529 1823; x_wconf 90' lang='lat' dir='ltr'>modico</span> <span class='ocrx_word' id='word_1_204' title='bbox 1568 1783 1614 1823; x_wconf 91' lang='lat' dir='ltr'>et</span> <span class='ocrx_word' id='word_1_205' title='bbox 1649 1791 1790 1837; x_wconf 88' lang='lat' dir='ltr'>parvo</span> 
     </span>
     <span class='ocr_line' id='line_1_25' title="bbox 193 1845 1790 1908; baseline 0 -16"><span class='ocrx_word' id='word_1_206' title='bbox 193 1852 327 1893; x_wconf 92' lang='lat' dir='ltr'>rutae</span> <span class='ocrx_word' id='word_1_207' title='bbox 358 1845 582 1893; x_wconf 86' lang='lat' dir='ltr'>fasciculo</span> <span class='ocrx_word' id='word_1_208' title='bbox 622 1852 670 1892; x_wconf 90' lang='lat' dir='ltr'>et</span> <span class='ocrx_word' id='word_1_209' title='bbox 700 1849 937 1908; x_wconf 91' lang='lat' dir='ltr'>quartario</span> <span class='ocrx_word' id='word_1_210' title='bbox 968 1847 1261 1907; x_wconf 87' lang='lat' dir='ltr'>faenograeci</span> <span class='ocrx_word' id='word_1_211' title='bbox 1290 1848 1477 1907; x_wconf 89' lang='lat' dir='ltr'>purgati</span> <span class='ocrx_word' id='word_1_212' title='bbox 1507 1860 1614 1893; x_wconf 90' lang='lat' dir='ltr'>cum</span> <span class='ocrx_word' id='word_1_213' title='bbox 1644 1860 1790 1907; x_wconf 90' lang='lat' dir='ltr'>aquae</span> 
     </span>
     <span class='ocr_line' id='line_1_26' title="bbox 195 1916 1853 1977; baseline -0.001 -15"><span class='ocrx_word' id='word_1_214' title='bbox 195 1916 369 1962; x_wconf 89' lang='lat' dir='ltr'>nitidae</span> <span class='ocrx_word' id='word_1_215' title='bbox 418 1917 619 1962; x_wconf 90' lang='lat' dir='ltr'>sextario</span> <span class='ocrx_word' id='word_1_216' title='bbox 667 1930 901 1977; x_wconf 90' lang='lat' dir='ltr'>propenso</span> <span class='ocrx_word' id='word_1_217' title='bbox 949 1918 998 1963; x_wconf 93' lang='lat' dir='ltr'>in</span> <span class='ocrx_word' id='word_1_218' title='bbox 1047 1916 1135 1963; x_wconf 91' lang='lat' dir='ltr'>olla</span> <span class='ocrx_word' id='word_1_219' title='bbox 1183 1916 1290 1963; x_wconf 90' lang='lat' dir='ltr'>rudi</span> <span class='ocrx_word' id='word_1_220' title='bbox 1334 1916 1390 1962; x_wconf 89' lang='lat' dir='ltr'>ad</span> <span class='ocrx_word' id='word_1_221' title='bbox 1435 1916 1610 1962; x_wconf 89' lang='lat' dir='ltr'>medias</span> <span class='ocrx_word' id='word_1_222' title='bbox 1655 1916 1788 1962; x_wconf 89' lang='lat' dir='ltr'>deco·</span> <span class='ocrx_word' id='word_1_223' title='bbox 1812 1929 1853 1960; x_wconf 78' lang='lat'>25</span> 
     </span>
     <span class='ocr_line' id='line_1_27' title="bbox 196 1984 1790 2049; baseline 0.001 -18"><span class='ocrx_word' id='word_1_224' title='bbox 196 1992 407 2046; x_wconf 90' lang='lat' dir='ltr'>quuntur</span> <span class='ocrx_word' id='word_1_225' title='bbox 444 1992 491 2032; x_wconf 90' lang='lat' dir='ltr'>et</span> <span class='ocrx_word' id='word_1_226' title='bbox 527 1985 754 2049; x_wconf 82' lang='lat' dir='ltr'>colantur,</span> <span class='ocrx_word' id='word_1_227' title='bbox 791 1986 900 2032; x_wconf 89' lang='lat' dir='ltr'>inde</span> <span class='ocrx_word' id='word_1_228' title='bbox 938 1992 1036 2032; x_wconf 88' lang='lat' dir='ltr'>tres</span> <span class='ocrx_word' id='word_1_229' title='bbox 1066 1987 1280 2047; x_wconf 86' lang='lat' dir='ltr'>potiones</span> <span class='ocrx_word' id='word_1_230' title='bbox 1313 2001 1399 2047; x_wconf 90' lang='lat' dir='ltr'>per</span> <span class='ocrx_word' id='word_1_231' title='bbox 1428 1984 1639 2032; x_wconf 91' lang='lat' dir='ltr'>triduum</span> <span class='ocrx_word' id='word_1_232' title='bbox 1668 1988 1790 2033; x_wconf 89' lang='lat' dir='ltr'>tussi</span> 
     </span>
     <span class='ocr_line' id='line_1_28' title="bbox 108 2054 1788 2118; baseline 0 -17"><span class='ocrx_word' id='word_1_233' title='bbox 108 2062 161 2101; x_wconf 84' lang='lat'>50</span> <span class='ocrx_word' id='word_1_234' title='bbox 192 2056 335 2101; x_wconf 92' lang='lat' dir='ltr'>nimia</span> <span class='ocrx_word' id='word_1_235' title='bbox 372 2054 693 2102; x_wconf 89' lang='lat' dir='ltr'>laborantibus</span> <span class='ocrx_word' id='word_1_236' title='bbox 731 2057 922 2118; x_wconf 80' lang='lat' dir='ltr'>dantur3</span> <span class='ocrx_word' id='word_1_237' title='bbox 958 2057 1131 2102; x_wconf 92' lang='lat' dir='ltr'>mirum</span> <span class='ocrx_word' id='word_1_238' title='bbox 1167 2056 1427 2102; x_wconf 91' lang='lat' dir='ltr'>remedium</span> <span class='ocrx_word' id='word_1_239' title='bbox 1465 2061 1548 2101; x_wconf 91' lang='lat' dir='ltr'>est.</span> <span class='ocrx_word' id='word_1_240' title='bbox 1618 2055 1788 2101; x_wconf 91' lang='lat' dir='ltr'>Sevum</span> 
     </span>
     <span class='ocr_line' id='line_1_29' title="bbox 194 2124 1787 2187; baseline 0 -17"><span class='ocrx_word' id='word_1_241' title='bbox 194 2126 350 2171; x_wconf 88' lang='lat' dir='ltr'>ovium</span> <span class='ocrx_word' id='word_1_242' title='bbox 388 2124 635 2171; x_wconf 90' lang='lat' dir='ltr'>decoctum</span> <span class='ocrx_word' id='word_1_243' title='bbox 681 2132 727 2171; x_wconf 90' lang='lat' dir='ltr'>et</span> <span class='ocrx_word' id='word_1_244' title='bbox 764 2140 871 2172; x_wconf 89' lang='lat' dir='ltr'>cum</span> <span class='ocrx_word' id='word_1_245' title='bbox 908 2127 1014 2171; x_wconf 91' lang='lat' dir='ltr'>vino</span> <span class='ocrx_word' id='word_1_246' title='bbox 1052 2133 1239 2172; x_wconf 89' lang='lat' dir='ltr'>austero</span> <span class='ocrx_word' id='word_1_247' title='bbox 1278 2125 1499 2187; x_wconf 91' lang='lat' dir='ltr'>depotum</span> <span class='ocrx_word' id='word_1_248' title='bbox 1536 2127 1657 2171; x_wconf 90' lang='lat' dir='ltr'>tussi</span> <span class='ocrx_word' id='word_1_249' title='bbox 1694 2139 1787 2171; x_wconf 89' lang='lat' dir='ltr'>me-</span> 
     </span>
     <span class='ocr_line' id='line_1_30' title="bbox 107 2193 1785 2256; baseline 0 -16"><span class='ocrx_word' id='word_1_250' title='bbox 107 2202 158 2240; x_wconf 89' lang='lat'>51</span> <span class='ocrx_word' id='word_1_251' title='bbox 192 2193 342 2241; x_wconf 90' lang='lat' dir='ltr'>detur.</span> <span class='ocrx_word' id='word_1_252' title='bbox 401 2193 662 2241; x_wconf 90' lang='lat' dir='ltr'>Sandaraca</span> <span class='ocrx_word' id='word_1_253' title='bbox 694 2209 880 2256; x_wconf 91' lang='lat' dir='ltr'>quoque</span> <span class='ocrx_word' id='word_1_254' title='bbox 920 2210 1027 2242; x_wconf 90' lang='lat' dir='ltr'>cum</span> <span class='ocrx_word' id='word_1_255' title='bbox 1064 2197 1218 2242; x_wconf 90' lang='lat' dir='ltr'>resina</span> <span class='ocrx_word' id='word_1_256' title='bbox 1255 2194 1570 2241; x_wconf 89' lang='lat' dir='ltr'>terebinthina</span> <span class='ocrx_word' id='word_1_257' title='bbox 1607 2209 1663 2240; x_wconf 90' lang='lat' dir='ltr'>ex</span> <span class='ocrx_word' id='word_1_258' title='bbox 1702 2208 1785 2241; x_wconf 92' lang='lat' dir='ltr'>ovo</span> 
     </span>
     <span class='ocr_line' id='line_1_31' title="bbox 106 2261 1850 2326; baseline 0 -17"><span class='ocrx_word' id='word_1_259' title='bbox 106 2272 159 2309; x_wconf 82' lang='lat'>52</span> <span class='ocrx_word' id='word_1_260' title='bbox 191 2263 356 2310; x_wconf 92' lang='lat' dir='ltr'>sorbili</span> <span class='ocrx_word' id='word_1_261' title='bbox 388 2270 574 2326; x_wconf 88' lang='lat' dir='ltr'>sumpta</span> <span class='ocrx_word' id='word_1_262' title='bbox 597 2270 776 2311; x_wconf 90' lang='lat' dir='ltr'>tussem</span> <span class='ocrx_word' id='word_1_263' title='bbox 799 2265 1039 2312; x_wconf 88' lang='lat' dir='ltr'>remediat.</span> <span class='ocrx_word' id='word_1_264' title='bbox 1089 2264 1357 2312; x_wconf 90' lang='lat' dir='ltr'>Vettonicae</span> <span class='ocrx_word' id='word_1_265' title='bbox 1379 2263 1565 2325; x_wconf 89' lang='lat' dir='ltr'>pollinis</span> <span class='ocrx_word' id='word_1_266' title='bbox 1596 2261 1721 2324; x_wconf 70' lang='lat' dir='ltr'>drag.</span> <span class='ocrx_word' id='word_1_267' title='bbox 1744 2264 1786 2310; x_wconf 90' lang='lat'>11</span> <span class='ocrx_word' id='word_1_268' title='bbox 1809 2278 1850 2309; x_wconf 84' lang='lat'>30</span> 
     </span>
     <span class='ocr_line' id='line_1_32' title="bbox 190 2332 1786 2396; baseline 0 -16"><span class='ocrx_word' id='word_1_269' title='bbox 190 2335 239 2380; x_wconf 92' lang='lat' dir='ltr'>in</span> <span class='ocrx_word' id='word_1_270' title='bbox 276 2335 403 2395; x_wconf 88' lang='lat' dir='ltr'>passi</span> <span class='ocrx_word' id='word_1_271' title='bbox 441 2333 616 2381; x_wconf 87' lang='lat' dir='ltr'>Cretici</span> <span class='ocrx_word' id='word_1_272' title='bbox 652 2334 830 2396; x_wconf 83' lang='lat' dir='ltr'>cyathis</span> <span class='ocrx_word' id='word_1_273' title='bbox 868 2334 1052 2382; x_wconf 90' lang='lat' dir='ltr'>duobus</span> <span class='ocrx_word' id='word_1_274' title='bbox 1088 2336 1320 2396; x_wconf 85' lang='lat' dir='ltr'>permixta</span> <span class='ocrx_word' id='word_1_275' title='bbox 1358 2347 1476 2395; x_wconf 88' lang='lat' dir='ltr'>aqua</span> <span class='ocrx_word' id='word_1_276' title='bbox 1514 2332 1660 2380; x_wconf 89' lang='lat' dir='ltr'>calida</span> <span class='ocrx_word' id='word_1_277' title='bbox 1697 2334 1786 2381; x_wconf 90' lang='lat' dir='ltr'>uti-</span> 
     </span>
     <span class='ocr_line' id='line_1_33' title="bbox 190 2402 1076 2451; baseline 0.002 -2"><span class='ocrx_word' id='word_1_278' title='bbox 190 2402 299 2450; x_wconf 92' lang='lat' dir='ltr'>liter</span> <span class='ocrx_word' id='word_1_279' title='bbox 336 2403 584 2451; x_wconf 87' lang='lat' dir='ltr'>adversum</span> <span class='ocrx_word' id='word_1_280' title='bbox 620 2409 799 2451; x_wconf 90' lang='lat' dir='ltr'>tussem</span> <span class='ocrx_word' id='word_1_281' title='bbox 836 2403 1076 2451; x_wconf 92' lang='lat' dir='ltr'>bibuntur.</span> 
     </span>
     <span class='ocr_line' id='line_1_34' title="bbox 106 2471 1786 2521; baseline 0.002 -4"><span class='ocrx_word' id='word_1_282' title='bbox 106 2479 159 2517; x_wconf 85' lang='lat'>53</span> <span class='ocrx_word' id='word_1_283' title='bbox 332 2471 542 2520; x_wconf 88' lang='lat' dir='ltr'>Palmare</span> <span class='ocrx_word' id='word_1_284' title='bbox 580 2474 841 2521; x_wconf 90' lang='lat' dir='ltr'>remedium</span> <span class='ocrx_word' id='word_1_285' title='bbox 879 2474 935 2520; x_wconf 90' lang='lat' dir='ltr'>ad</span> <span class='ocrx_word' id='word_1_286' title='bbox 966 2481 1143 2521; x_wconf 90' lang='lat' dir='ltr'>tussem</span> <span class='ocrx_word' id='word_1_287' title='bbox 1174 2475 1265 2520; x_wconf 89' lang='lat' dir='ltr'>sic:</span> <span class='ocrx_word' id='word_1_288' title='bbox 1303 2473 1338 2519; x_wconf 92' lang='lat' dir='ltr'><strong>F</strong></span> <span class='ocrx_word' id='word_1_289' title='bbox 1342 2473 1512 2519; x_wconf 90' lang='lat' dir='ltr'>eniculi</span> <span class='ocrx_word' id='word_1_290' title='bbox 1543 2475 1655 2520; x_wconf 92' lang='lat' dir='ltr'>sicci</span> <span class='ocrx_word' id='word_1_291' title='bbox 1686 2475 1786 2521; x_wconf 89' lang='lat' dir='ltr'>triti</span> 
     </span>
    </p>
   </div>
   <div class='ocr_carea' id='block_1_3' title="bbox 191 2536 1784 2610">
    <p class='ocr_par' dir='ltr' id='par_1_3' title="bbox 191 2536 1784 2610">
     <span class='ocr_line' id='line_1_35' title="bbox 191 2536 1784 2610; baseline 0.002 -23"><span class='ocrx_word' id='word_1_292' title='bbox 191 2536 252 2607; x_wconf 52' lang='grc'>9-</span> <span class='ocrx_word' id='word_1_293' title='bbox 299 2541 442 2605; x_wconf 86' lang='lat' dir='ltr'>VIIII,</span> <span class='ocrx_word' id='word_1_294' title='bbox 489 2543 646 2590; x_wconf 91' lang='lat' dir='ltr'>anethi</span> <span class='ocrx_word' id='word_1_295' title='bbox 690 2543 905 2590; x_wconf 90' lang='lat' dir='ltr'>similiter</span> <span class='ocrx_word' id='word_1_296' title='bbox 951 2538 1012 2610; x_wconf 57' lang='lat'>,91</span> <span class='ocrx_word' id='word_1_297' title='bbox 1059 2543 1202 2601; x_wconf 89' lang='lat' dir='ltr'>V1111,</span> <span class='ocrx_word' id='word_1_298' title='bbox 1248 2544 1342 2604; x_wconf 92' lang='lat' dir='ltr'>opii</span> <span class='ocrx_word' id='word_1_299' title='bbox 1386 2542 1582 2603; x_wconf 90' lang='lat' dir='ltr'>Hispani</span> <span class='ocrx_word' id='word_1_300' title='bbox 1626 2537 1688 2609; x_wconf 53' lang='grc'>9-</span> <span class='ocrx_word' id='word_1_301' title='bbox 1729 2543 1784 2591; x_wconf 90' lang='grc' dir='ltr'>ΙΙ.</span> 
     </span>
    </p>
   </div>
   <div class='ocr_carea' id='block_1_4' title="bbox 188 2703 1781 2814">
    <p class='ocr_par' dir='ltr' id='par_1_4' title="bbox 188 2703 1781 2814">
     <span class='ocr_line' id='line_1_36' title="bbox 334 2703 1781 2758; baseline 0.002 -15"><span class='ocrx_word' id='word_1_302' title='bbox 334 2708 382 2744; x_wconf 89' lang='grc'>11</span> <span class='ocrx_word' id='word_1_303' title='bbox 416 2703 625 2746; x_wconf 84' lang='lat' dir='ltr'>humoris,</span> <span class='ocrx_word' id='word_1_304' title='bbox 744 2709 793 2746; x_wconf 90' lang='lat'>13</span> <span class='ocrx_word' id='word_1_305' title='bbox 826 2706 1066 2747; x_wconf 75' lang='lat' dir='ltr'>exaustum.</span> <span class='ocrx_word' id='word_1_306' title='bbox 1162 2709 1217 2746; x_wconf 80' lang='lat'>24</span> <span class='ocrx_word' id='word_1_307' title='bbox 1245 2704 1510 2758; x_wconf 83' lang='lat' dir='ltr'>fenograeci.</span> <span class='ocrx_word' id='word_1_308' title='bbox 1599 2709 1652 2746; x_wconf 80' lang='lat'>25</span> <span class='ocrx_word' id='word_1_309' title='bbox 1681 2717 1781 2758; x_wconf 88' lang='lat' dir='ltr'>pro-</span> 
     </span>
     <span class='ocr_line' id='line_1_37' title="bbox 188 2759 1780 2814; baseline 0.001 -15"><span class='ocrx_word' id='word_1_310' title='bbox 188 2771 351 2811; x_wconf 82' lang='lat' dir='ltr'>pensae</span> <span class='ocrx_word' id='word_1_311' title='bbox 384 2759 634 2802; x_wconf 78' lang='lat' dir='ltr'>Cornarius.</span> <span class='ocrx_word' id='word_1_312' title='bbox 716 2765 768 2802; x_wconf 82' lang='lat'>29</span> <span class='ocrx_word' id='word_1_313' title='bbox 798 2760 1084 2803; x_wconf 75' lang='lat' dir='ltr'>terebentina.</span> <span class='ocrx_word' id='word_1_314' title='bbox 1171 2765 1222 2802; x_wconf 91' lang='lat'>31</span> <span class='ocrx_word' id='word_1_315' title='bbox 1254 2761 1498 2814; x_wconf 79' lang='lat' dir='ltr'>permixtae</span> <span class='ocrx_word' id='word_1_316' title='bbox 1530 2759 1780 2804; x_wconf 73' lang='lat' dir='ltr'>Cornarius.</span> 
     </span>
    </p>
   </div>
  </div>
 </body>
</html>
