<?xml version="1.0" encoding="UTF-8"?>
<!DOCTYPE html PUBLIC "-//W3C//DTD XHTML 1.0 Transitional//EN"
    "http://www.w3.org/TR/xhtml1/DTD/xhtml1-transitional.dtd">
<html xmlns="http://www.w3.org/1999/xhtml" xml:lang="en" lang="en">
 <head>
  <title>
</title>
<meta http-equiv="Content-Type" content="text/html;charset=utf-8" />
  <meta name='ocr-system' content='tesseract 3.04.00' />
  <meta name='ocr-capabilities' content='ocr_page ocr_carea ocr_par ocr_line ocrx_word'/>
</head>
<body>
  <div class='ocr_page' id='page_1' title='image "./demedicamentisli00marcuoft_0036.png"; bbox 0 0 1898 3016; ppageno 0'>
   <div class='ocr_carea' id='block_1_1' title="bbox 797 95 1140 144">
    <p class='ocr_par' dir='ltr' id='par_1_1' title="bbox 797 95 1140 144">
     <span class='ocr_line' id='line_1_1' title="bbox 797 95 1140 144; baseline 0.003 -14"><span class='ocrx_word' id='word_1_1' title='bbox 797 95 1140 144; x_wconf 56' lang='lat'>„24-</span> 
     </span>
    </p>
   </div>
   <div class='ocr_carea' id='block_1_2' title="bbox 169 221 1834 2303">
    <p class='ocr_par' dir='ltr' id='par_1_2' title="bbox 169 221 1834 2303">
     <span class='ocr_line' id='line_1_2' title="bbox 172 221 1764 284; baseline 0.002 -16"><span class='ocrx_word' id='word_1_2' title='bbox 172 222 380 284; x_wconf 85' lang='lat' dir='ltr'>quidam,</span> <span class='ocrx_word' id='word_1_3' title='bbox 419 236 526 268; x_wconf 91' lang='lat' dir='ltr'>cum</span> <span class='ocrx_word' id='word_1_4' title='bbox 564 221 809 269; x_wconf 89' lang='lat' dir='ltr'>oculorum</span> <span class='ocrx_word' id='word_1_5' title='bbox 845 222 1186 270; x_wconf 83' lang='lat' dir='ltr'>lacrimantium</span> <span class='ocrx_word' id='word_1_6' title='bbox 1224 229 1433 270; x_wconf 89' lang='lat' dir='ltr'>reumate</span> <span class='ocrx_word' id='word_1_7' title='bbox 1471 238 1632 271; x_wconf 89' lang='lat' dir='ltr'>carere</span> <span class='ocrx_word' id='word_1_8' title='bbox 1670 239 1764 272; x_wconf 90' lang='lat' dir='ltr'>non</span> 
     </span>
     <span class='ocr_line' id='line_1_3' title="bbox 170 291 1762 353; baseline 0.002 -15"><span class='ocrx_word' id='word_1_9' title='bbox 170 298 352 353; x_wconf 80' lang='lat' dir='ltr'>posset,</span> <span class='ocrx_word' id='word_1_10' title='bbox 397 291 657 352; x_wconf 89' lang='lat' dir='ltr'>productus</span> <span class='ocrx_word' id='word_1_11' title='bbox 702 298 773 338; x_wconf 90' lang='lat' dir='ltr'>est</span> <span class='ocrx_word' id='word_1_12' title='bbox 822 293 872 338; x_wconf 92' lang='lat' dir='ltr'>in</span> <span class='ocrx_word' id='word_1_13' title='bbox 920 292 1124 339; x_wconf 89' lang='lat' dir='ltr'>medium</span> <span class='ocrx_word' id='word_1_14' title='bbox 1179 298 1457 340; x_wconf 86' lang='lat' dir='ltr'>conventum</span> <span class='ocrx_word' id='word_1_15' title='bbox 1510 294 1762 341; x_wconf 90' lang='lat' dir='ltr'>multorum</span> 
     </span>
     <span class='ocr_line' id='line_1_4' title="bbox 171 361 1765 426; baseline 0.002 -19"><span class='ocrx_word' id='word_1_16' title='bbox 171 363 482 421; x_wconf 82' lang='lat' dir='ltr'><strong>spectantium</strong></span> <span class='ocrx_word' id='word_1_17' title='bbox 514 362 814 408; x_wconf 90' lang='lat' dir='ltr'>medicorum.</span> <span class='ocrx_word' id='word_1_18' title='bbox 870 361 961 415; x_wconf 85' lang='lat' dir='ltr'>Qui</span> <span class='ocrx_word' id='word_1_19' title='bbox 990 376 1097 408; x_wconf 91' lang='lat' dir='ltr'>cum</span> <span class='ocrx_word' id='word_1_20' title='bbox 1127 363 1366 422; x_wconf 90' lang='lat' dir='ltr'>inspectus</span> <span class='ocrx_word' id='word_1_21' title='bbox 1397 363 1452 409; x_wconf 93' lang='lat' dir='ltr'>ab</span> <span class='ocrx_word' id='word_1_22' title='bbox 1482 363 1555 410; x_wconf 93' lang='lat' dir='ltr'>his</span> <span class='ocrx_word' id='word_1_23' title='bbox 1586 364 1765 426; x_wconf 86' lang='lat' dir='ltr'>fuisset,</span> 
     </span>
     <span class='ocr_line' id='line_1_5' title="bbox 172 430 1764 493; baseline 0.002 -17"><span class='ocrx_word' id='word_1_24' title='bbox 172 430 393 477; x_wconf 84' lang='lat' dir='ltr'>dixerunt</span> <span class='ocrx_word' id='word_1_25' title='bbox 437 432 480 477; x_wconf 93' lang='lat' dir='ltr'>ei</span> <span class='ocrx_word' id='word_1_26' title='bbox 515 431 761 493; x_wconf 83' lang='lat' dir='ltr'>palpebras</span> <span class='ocrx_word' id='word_1_27' title='bbox 798 430 942 477; x_wconf 89' lang='lat' dir='ltr'>incidi</span> <span class='ocrx_word' id='word_1_28' title='bbox 986 430 1176 493; x_wconf 89' lang='lat' dir='ltr'>debere,</span> <span class='ocrx_word' id='word_1_29' title='bbox 1221 431 1432 479; x_wconf 89' lang='lat' dir='ltr'>comburi</span> <span class='ocrx_word' id='word_1_30' title='bbox 1477 434 1616 480; x_wconf 90' lang='lat' dir='ltr'>etiam</span> <span class='ocrx_word' id='word_1_31' title='bbox 1654 435 1764 479; x_wconf 89' lang='lat' dir='ltr'>emi-</span> 
     </span>
     <span class='ocr_line' id='line_1_6' title="bbox 170 501 1808 562; baseline 0.001 -17"><span class='ocrx_word' id='word_1_32' title='bbox 170 501 382 546; x_wconf 87' lang='lat' dir='ltr'>cranium</span> <span class='ocrx_word' id='word_1_33' title='bbox 421 506 467 546; x_wconf 90' lang='lat' dir='ltr'>et</span> <span class='ocrx_word' id='word_1_34' title='bbox 503 515 608 547; x_wconf 88' lang='lat' dir='ltr'>raso</span> <span class='ocrx_word' id='word_1_35' title='bbox 647 501 797 560; x_wconf 91' lang='lat' dir='ltr'>capite</span> <span class='ocrx_word' id='word_1_36' title='bbox 835 514 974 546; x_wconf 88' lang='lat' dir='ltr'>venas</span> <span class='ocrx_word' id='word_1_37' title='bbox 1013 502 1175 562; x_wconf 89' lang='lat' dir='ltr'>secari,</span> <span class='ocrx_word' id='word_1_38' title='bbox 1213 501 1337 562; x_wconf 91' lang='lat' dir='ltr'>quod</span> <span class='ocrx_word' id='word_1_39' title='bbox 1371 501 1536 549; x_wconf 90' lang='lat' dir='ltr'>Graeci</span> <span class='ocrx_word' id='word_1_40' title='bbox 1571 504 1762 549; x_wconf 89' lang='lat' dir='ltr'>arterio-</span> <span class='ocrx_word' id='word_1_41' title='bbox 1786 514 1808 546; x_wconf 84' lang='lat'>5</span> 
     </span>
     <span class='ocr_line' id='line_1_7' title="bbox 169 569 1764 633; baseline 0.001 -17"><span class='ocrx_word' id='word_1_42' title='bbox 169 571 346 616; x_wconf 90' lang='lat' dir='ltr'>tomein</span> <span class='ocrx_word' id='word_1_43' title='bbox 377 570 560 633; x_wconf 79' lang='lat' dir='ltr'>dicunt,</span> <span class='ocrx_word' id='word_1_44' title='bbox 590 571 754 630; x_wconf 92' lang='lat' dir='ltr'>inponi</span> <span class='ocrx_word' id='word_1_45' title='bbox 784 570 922 615; x_wconf 91' lang='lat' dir='ltr'>etiam</span> <span class='ocrx_word' id='word_1_46' title='bbox 953 569 1191 632; x_wconf 82' lang='lat' dir='ltr'><strong>escharas,</strong></span> <span class='ocrx_word' id='word_1_47' title='bbox 1223 576 1269 617; x_wconf 94' lang='lat' dir='ltr'>et</span> <span class='ocrx_word' id='word_1_48' title='bbox 1299 571 1406 617; x_wconf 67' lang='lat' dir='ltr'>curm</span> <span class='ocrx_word' id='word_1_49' title='bbox 1434 573 1525 618; x_wconf 87' lang='lat' dir='ltr'>iam</span> <span class='ocrx_word' id='word_1_50' title='bbox 1549 571 1764 618; x_wconf 90' lang='lat' dir='ltr'>omnibus</span> 
     </span>
     <span class='ocr_line' id='line_1_8' title="bbox 169 638 1763 703; baseline 0.002 -18"><span class='ocrx_word' id='word_1_51' title='bbox 169 638 285 686; x_wconf 89' lang='lat' dir='ltr'>locis</span> <span class='ocrx_word' id='word_1_52' title='bbox 330 639 623 686; x_wconf 91' lang='lat' dir='ltr'>debilitatum</span> <span class='ocrx_word' id='word_1_53' title='bbox 668 645 715 685; x_wconf 94' lang='lat' dir='ltr'>et</span> <span class='ocrx_word' id='word_1_54' title='bbox 761 640 1069 686; x_wconf 86' lang='lat' dir='ltr'>cauteriatum</span> <span class='ocrx_word' id='word_1_55' title='bbox 1117 645 1258 700; x_wconf 89' lang='lat' dir='ltr'>caput</span> <span class='ocrx_word' id='word_1_56' title='bbox 1308 640 1501 687; x_wconf 85' lang='lat' dir='ltr'>haberet</span> <span class='ocrx_word' id='word_1_57' title='bbox 1555 641 1763 703; x_wconf 81' lang='lat' dir='ltr'>nihilque</span> 
     </span>
     <span class='ocr_line' id='line_1_9' title="bbox 171 708 1764 774; baseline 0.002 -20"><span class='ocrx_word' id='word_1_58' title='bbox 171 710 214 755; x_wconf 90' lang='lat' dir='ltr'>ei</span> <span class='ocrx_word' id='word_1_59' title='bbox 251 715 497 772; x_wconf 83' lang='lat' dir='ltr'>tormenta,</span> <span class='ocrx_word' id='word_1_60' title='bbox 532 723 649 770; x_wconf 89' lang='lat' dir='ltr'>quae</span> <span class='ocrx_word' id='word_1_61' title='bbox 681 708 914 755; x_wconf 91' lang='lat' dir='ltr'>desiderio</span> <span class='ocrx_word' id='word_1_62' title='bbox 945 710 1154 756; x_wconf 89' lang='lat' dir='ltr'>sanitatis</span> <span class='ocrx_word' id='word_1_63' title='bbox 1184 711 1415 770; x_wconf 82' lang='lat' dir='ltr'>patienter</span> <span class='ocrx_word' id='word_1_64' title='bbox 1444 710 1628 774; x_wconf 85' lang='lat' dir='ltr'>tulerat,</span> <span class='ocrx_word' id='word_1_65' title='bbox 1658 725 1764 772; x_wconf 90' lang='lat' dir='ltr'>pro-</span> 
     </span>
     <span class='ocr_line' id='line_1_10' title="bbox 170 777 1764 840; baseline 0.002 -16"><span class='ocrx_word' id='word_1_66' title='bbox 170 777 383 840; x_wconf 84' lang='lat' dir='ltr'>fuissent,</span> <span class='ocrx_word' id='word_1_67' title='bbox 422 777 621 825; x_wconf 90' lang='lat' dir='ltr'>deflebat</span> <span class='ocrx_word' id='word_1_68' title='bbox 659 777 875 825; x_wconf 90' lang='lat' dir='ltr'>omnihus</span> <span class='ocrx_word' id='word_1_69' title='bbox 912 778 1233 826; x_wconf 82' lang='lat' dir='ltr'>infelicitatem</span> <span class='ocrx_word' id='word_1_70' title='bbox 1271 794 1415 827; x_wconf 90' lang='lat' dir='ltr'>suam.</span> <span class='ocrx_word' id='word_1_71' title='bbox 1466 779 1519 826; x_wconf 91' lang='lat' dir='ltr'>In</span> <span class='ocrx_word' id='word_1_72' title='bbox 1549 780 1764 827; x_wconf 89' lang='lat' dir='ltr'>ultimum</span> 
     </span>
     <span class='ocr_line' id='line_1_11' title="bbox 169 847 1829 911; baseline -0.001 -17"><span class='ocrx_word' id='word_1_73' title='bbox 169 847 284 894; x_wconf 91' lang='lat' dir='ltr'>haec</span> <span class='ocrx_word' id='word_1_74' title='bbox 316 847 372 894; x_wconf 92' lang='lat' dir='ltr'>ab</span> <span class='ocrx_word' id='word_1_75' title='bbox 404 850 604 909; x_wconf 85' lang='lat' dir='ltr'>egregiis</span> <span class='ocrx_word' id='word_1_76' title='bbox 634 848 830 894; x_wconf 87' lang='lat' dir='ltr'>medicis</span> <span class='ocrx_word' id='word_1_77' title='bbox 854 849 1041 895; x_wconf 90' lang='lat' dir='ltr'>inventa</span> <span class='ocrx_word' id='word_1_78' title='bbox 1064 850 1244 895; x_wconf 90' lang='lat' dir='ltr'>curatio</span> <span class='ocrx_word' id='word_1_79' title='bbox 1269 855 1353 911; x_wconf 87' lang='lat' dir='ltr'>est,</span> <span class='ocrx_word' id='word_1_80' title='bbox 1385 854 1436 895; x_wconf 93' lang='lat' dir='ltr'>ut</span> <span class='ocrx_word' id='word_1_81' title='bbox 1466 864 1573 896; x_wconf 91' lang='lat' dir='ltr'>cum</span> <span class='ocrx_word' id='word_1_82' title='bbox 1603 850 1764 896; x_wconf 83' lang='lat' dir='ltr'>dexter</span> <span class='ocrx_word' id='word_1_83' title='bbox 1788 862 1829 892; x_wconf 77' lang='grc' dir='ltr'>ιο</span> 
     </span>
     <span class='ocr_line' id='line_1_12' title="bbox 170 917 1764 981; baseline 0.002 -18"><span class='ocrx_word' id='word_1_84' title='bbox 170 917 334 964; x_wconf 85' lang='lat' dir='ltr'>oculus</span> <span class='ocrx_word' id='word_1_85' title='bbox 379 917 615 964; x_wconf 83' lang='lat' dir='ltr'>lacrimam</span> <span class='ocrx_word' id='word_1_86' title='bbox 658 918 896 981; x_wconf 83' lang='lat' dir='ltr'>funderet,</span> <span class='ocrx_word' id='word_1_87' title='bbox 939 933 1053 964; x_wconf 91' lang='lat' dir='ltr'>vena</span> <span class='ocrx_word' id='word_1_88' title='bbox 1100 920 1143 965; x_wconf 92' lang='lat' dir='ltr'>ei</span> <span class='ocrx_word' id='word_1_89' title='bbox 1187 918 1340 965; x_wconf 85' lang='lat' dir='ltr'>dextri</span> <span class='ocrx_word' id='word_1_90' title='bbox 1375 918 1555 966; x_wconf 90' lang='lat' dir='ltr'>brachii</span> <span class='ocrx_word' id='word_1_91' title='bbox 1591 919 1764 967; x_wconf 89' lang='lat' dir='ltr'>laxare·</span> 
     </span>
     <span class='ocr_line' id='line_1_13' title="bbox 170 987 1765 1050; baseline 0.001 -17"><span class='ocrx_word' id='word_1_92' title='bbox 170 993 270 1034; x_wconf 83' lang='lat' dir='ltr'>tur:</span> <span class='ocrx_word' id='word_1_93' title='bbox 301 1002 410 1033; x_wconf 91' lang='lat' dir='ltr'>cum</span> <span class='ocrx_word' id='word_1_94' title='bbox 439 989 643 1050; x_wconf 86' lang='lat' dir='ltr'>sinister,</span> <span class='ocrx_word' id='word_1_95' title='bbox 676 987 890 1034; x_wconf 89' lang='lat' dir='ltr'>similiter</span> <span class='ocrx_word' id='word_1_96' title='bbox 921 989 969 1034; x_wconf 90' lang='lat' dir='ltr'>in</span> <span class='ocrx_word' id='word_1_97' title='bbox 993 989 1184 1035; x_wconf 89' lang='lat' dir='ltr'>sinistro</span> <span class='ocrx_word' id='word_1_98' title='bbox 1210 988 1400 1035; x_wconf 85' lang='lat' dir='ltr'>brachio</span> <span class='ocrx_word' id='word_1_99' title='bbox 1425 989 1571 1035; x_wconf 87' lang='lat' dir='ltr'>fieret.</span> <span class='ocrx_word' id='word_1_100' title='bbox 1631 989 1765 1044; x_wconf 86' lang='lat' dir='ltr'>Quod</span> 
     </span>
     <span class='ocr_line' id='line_1_14' title="bbox 171 1057 1766 1120; baseline 0.001 -17"><span class='ocrx_word' id='word_1_101' title='bbox 171 1071 279 1103; x_wconf 90' lang='lat' dir='ltr'>cum</span> <span class='ocrx_word' id='word_1_102' title='bbox 315 1058 412 1118; x_wconf 89' lang='lat' dir='ltr'>pati</span> <span class='ocrx_word' id='word_1_103' title='bbox 450 1059 682 1118; x_wconf 88' lang='lat' dir='ltr'>coepisset</span> <span class='ocrx_word' id='word_1_104' title='bbox 719 1058 947 1120; x_wconf 80' lang='lat' dir='ltr'>infirmuS,</span> <span class='ocrx_word' id='word_1_105' title='bbox 985 1057 1103 1104; x_wconf 85' lang='lat' dir='ltr'>flens</span> <span class='ocrx_word' id='word_1_106' title='bbox 1138 1063 1185 1104; x_wconf 94' lang='lat' dir='ltr'>et</span> <span class='ocrx_word' id='word_1_107' title='bbox 1214 1072 1404 1118; x_wconf 86' lang='lat' dir='ltr'>gemens</span> <span class='ocrx_word' id='word_1_108' title='bbox 1435 1058 1549 1105; x_wconf 89' lang='lat' dir='ltr'>illud</span> <span class='ocrx_word' id='word_1_109' title='bbox 1581 1058 1766 1105; x_wconf 90' lang='lat' dir='ltr'>Catonis</span> 
     </span>
     <span class='ocr_line' id='line_1_15' title="bbox 172 1126 1765 1189; baseline 0.001 -17"><span class='ocrx_word' id='word_1_110' title='bbox 172 1140 309 1187; x_wconf 91' lang='lat' dir='ltr'>saepe</span> <span class='ocrx_word' id='word_1_111' title='bbox 349 1126 552 1174; x_wconf 83' lang='lat' dir='ltr'>dicebat:</span> <span class='ocrx_word' id='word_1_112' title='bbox 612 1126 831 1189; x_wconf 89' lang='lat' dir='ltr'>Corporis</span> <span class='ocrx_word' id='word_1_113' title='bbox 869 1126 1092 1174; x_wconf 90' lang='lat' dir='ltr'>auxilium</span> <span class='ocrx_word' id='word_1_114' title='bbox 1128 1128 1309 1174; x_wconf 92' lang='lat' dir='ltr'>medico</span> <span class='ocrx_word' id='word_1_115' title='bbox 1351 1129 1589 1174; x_wconf 88' lang='lat' dir='ltr'>committe</span> <span class='ocrx_word' id='word_1_116' title='bbox 1626 1127 1765 1175; x_wconf 88' lang='lat' dir='ltr'>fideli.</span> 
     </span>
     <span class='ocr_line' id='line_1_16' title="bbox 171 1194 1832 1258; baseline 0.002 -17"><span class='ocrx_word' id='word_1_117' title='bbox 171 1194 269 1256; x_wconf 91' lang='lat' dir='ltr'>Ego</span> <span class='ocrx_word' id='word_1_118' title='bbox 315 1202 469 1243; x_wconf 91' lang='lat' dir='ltr'>autem</span> <span class='ocrx_word' id='word_1_119' title='bbox 509 1197 633 1244; x_wconf 92' lang='lat' dir='ltr'>dico:</span> <span class='ocrx_word' id='word_1_120' title='bbox 679 1203 725 1244; x_wconf 90' lang='lat' dir='ltr'>et</span> <span class='ocrx_word' id='word_1_121' title='bbox 760 1198 925 1257; x_wconf 75' lang='lat' dir='ltr'>perito,</span> <span class='ocrx_word' id='word_1_122' title='bbox 985 1196 1153 1243; x_wconf 91' lang='lat' dir='ltr'>Restiti</span> <span class='ocrx_word' id='word_1_123' title='bbox 1189 1198 1333 1258; x_wconf 92' lang='lat' dir='ltr'>igitur</span> <span class='ocrx_word' id='word_1_124' title='bbox 1370 1197 1442 1244; x_wconf 93' lang='lat' dir='ltr'>his</span> <span class='ocrx_word' id='word_1_125' title='bbox 1479 1212 1566 1244; x_wconf 91' lang='lat' dir='ltr'>nec</span> <span class='ocrx_word' id='word_1_126' title='bbox 1604 1211 1766 1244; x_wconf 89' lang='lat' dir='ltr'>venam</span> <span class='ocrx_word' id='word_1_127' title='bbox 1791 1209 1832 1240; x_wconf 87' lang='lat'>15</span> 
     </span>
     <span class='ocr_line' id='line_1_17' title="bbox 169 1264 1767 1328; baseline 0.003 -18"><span class='ocrx_word' id='word_1_128' title='bbox 169 1264 315 1311; x_wconf 86' lang='lat' dir='ltr'>laxari</span> <span class='ocrx_word' id='word_1_129' title='bbox 351 1267 545 1327; x_wconf 90' lang='lat' dir='ltr'>permisi</span> <span class='ocrx_word' id='word_1_130' title='bbox 582 1281 843 1328; x_wconf 89' lang='lat' dir='ltr'>magnoque</span> <span class='ocrx_word' id='word_1_131' title='bbox 883 1265 1066 1312; x_wconf 90' lang='lat' dir='ltr'>silentio</span> <span class='ocrx_word' id='word_1_132' title='bbox 1105 1267 1225 1313; x_wconf 89' lang='lat' dir='ltr'>facto</span> <span class='ocrx_word' id='word_1_133' title='bbox 1257 1274 1472 1314; x_wconf 89' lang='lat' dir='ltr'>auctores</span> <span class='ocrx_word' id='word_1_134' title='bbox 1503 1273 1688 1314; x_wconf 88' lang='lat' dir='ltr'>nostros</span> <span class='ocrx_word' id='word_1_135' title='bbox 1718 1269 1767 1314; x_wconf 91' lang='lat' dir='ltr'>in</span> 
     </span>
     <span class='ocr_line' id='line_1_18' title="bbox 170 1335 1767 1397; baseline 0.001 -16"><span class='ocrx_word' id='word_1_136' title='bbox 170 1335 378 1382; x_wconf 89' lang='lat' dir='ltr'>medium</span> <span class='ocrx_word' id='word_1_137' title='bbox 414 1335 592 1396; x_wconf 91' lang='lat' dir='ltr'>protuli</span> <span class='ocrx_word' id='word_1_138' title='bbox 629 1351 681 1383; x_wconf 90' lang='lat' dir='ltr'>ac</span> <span class='ocrx_word' id='word_1_139' title='bbox 719 1337 912 1383; x_wconf 87' lang='lat' dir='ltr'>recitavi</span> <span class='ocrx_word' id='word_1_140' title='bbox 949 1336 1138 1397; x_wconf 87' lang='lat' dir='ltr'>dixique</span> <span class='ocrx_word' id='word_1_141' title='bbox 1176 1336 1234 1382; x_wconf 92' lang='lat' dir='ltr'>ad</span> <span class='ocrx_word' id='word_1_142' title='bbox 1273 1351 1374 1384; x_wconf 84' lang='lat' dir='ltr'>eos:</span> <span class='ocrx_word' id='word_1_143' title='bbox 1434 1336 1483 1383; x_wconf 84' lang='lat' dir='ltr'>Si</span> <span class='ocrx_word' id='word_1_144' title='bbox 1521 1351 1577 1383; x_wconf 86' lang='lat' dir='ltr'>ex</span> <span class='ocrx_word' id='word_1_145' title='bbox 1614 1336 1767 1383; x_wconf 91' lang='lat' dir='ltr'>multi-</span> 
     </span>
     <span class='ocr_line' id='line_1_19' title="bbox 172 1404 1766 1467; baseline 0.001 -16"><span class='ocrx_word' id='word_1_146' title='bbox 172 1404 288 1451; x_wconf 87' lang='lat' dir='ltr'>fario</span> <span class='ocrx_word' id='word_1_147' title='bbox 327 1410 668 1452; x_wconf 90' lang='lat' dir='ltr'>tormentorum</span> <span class='ocrx_word' id='word_1_148' title='bbox 714 1420 884 1467; x_wconf 91' lang='lat' dir='ltr'>genere</span> <span class='ocrx_word' id='word_1_149' title='bbox 929 1406 1223 1452; x_wconf 89' lang='lat' dir='ltr'>miserandus</span> <span class='ocrx_word' id='word_1_150' title='bbox 1262 1407 1351 1453; x_wconf 89' lang='lat' dir='ltr'>iste</span> <span class='ocrx_word' id='word_1_151' title='bbox 1389 1406 1635 1466; x_wconf 18' lang='lat' dir='ltr'>velyunam</span> <span class='ocrx_word' id='word_1_152' title='bbox 1673 1421 1766 1453; x_wconf 90' lang='lat' dir='ltr'>me-</span> 
     </span>
     <span class='ocr_line' id='line_1_20' title="bbox 170 1474 1767 1539; baseline 0.001 -19"><span class='ocrx_word' id='word_1_153' title='bbox 170 1474 337 1521; x_wconf 91' lang='lat' dir='ltr'>dellam</span> <span class='ocrx_word' id='word_1_154' title='bbox 375 1475 543 1522; x_wconf 89' lang='lat' dir='ltr'>fuisset</span> <span class='ocrx_word' id='word_1_155' title='bbox 573 1476 784 1538; x_wconf 87' lang='lat' dir='ltr'>adeptus,</span> <span class='ocrx_word' id='word_1_156' title='bbox 823 1477 990 1522; x_wconf 87' lang='lat' dir='ltr'>merito</span> <span class='ocrx_word' id='word_1_157' title='bbox 1029 1490 1110 1522; x_wconf 88' lang='lat' dir='ltr'>vos</span> <span class='ocrx_word' id='word_1_158' title='bbox 1139 1481 1401 1539; x_wconf 84' lang='lat' dir='ltr'>pateretur3</span> <span class='ocrx_word' id='word_1_159' title='bbox 1439 1476 1520 1523; x_wconf 89' lang='lat' dir='ltr'>sed</span> <span class='ocrx_word' id='word_1_160' title='bbox 1552 1491 1659 1523; x_wconf 91' lang='lat' dir='ltr'>cum</span> <span class='ocrx_word' id='word_1_161' title='bbox 1688 1490 1767 1522; x_wconf 91' lang='lat' dir='ltr'>ne-</span> 
     </span>
     <span class='ocr_line' id='line_1_21' title="bbox 173 1545 1834 1606; baseline -0.002 -16"><span class='ocrx_word' id='word_1_162' title='bbox 173 1558 263 1605; x_wconf 90' lang='lat' dir='ltr'>que</span> <span class='ocrx_word' id='word_1_163' title='bbox 300 1545 512 1591; x_wconf 88' lang='lat' dir='ltr'>inunctio</span> <span class='ocrx_word' id='word_1_164' title='bbox 551 1560 703 1605; x_wconf 91' lang='lat' dir='ltr'>neque</span> <span class='ocrx_word' id='word_1_165' title='bbox 743 1547 907 1591; x_wconf 90' lang='lat' dir='ltr'>incisio</span> <span class='ocrx_word' id='word_1_166' title='bbox 948 1559 1100 1606; x_wconf 92' lang='lat' dir='ltr'>neque</span> <span class='ocrx_word' id='word_1_167' title='bbox 1139 1545 1385 1592; x_wconf 86' lang='lat' dir='ltr'>conbustio</span> <span class='ocrx_word' id='word_1_168' title='bbox 1416 1546 1768 1592; x_wconf 89' lang='lat' dir='ltr'>inundationem</span> <span class='ocrx_word' id='word_1_169' title='bbox 1790 1557 1834 1588; x_wconf 86' lang='lat'>20</span> 
     </span>
     <span class='ocr_line' id='line_1_22' title="bbox 170 1613 1767 1678; baseline 0.001 -18"><span class='ocrx_word' id='word_1_170' title='bbox 170 1613 467 1660; x_wconf 87' lang='lat' dir='ltr'>lacrimarum</span> <span class='ocrx_word' id='word_1_171' title='bbox 512 1616 769 1675; x_wconf 87' lang='lat' dir='ltr'>reprimere</span> <span class='ocrx_word' id='word_1_172' title='bbox 814 1616 1040 1678; x_wconf 79' lang='lat' dir='ltr'>potuerit,</span> <span class='ocrx_word' id='word_1_173' title='bbox 1085 1629 1170 1661; x_wconf 91' lang='lat' dir='ltr'>cur</span> <span class='ocrx_word' id='word_1_174' title='bbox 1214 1615 1400 1661; x_wconf 90' lang='lat' dir='ltr'>indocte</span> <span class='ocrx_word' id='word_1_175' title='bbox 1446 1629 1584 1662; x_wconf 91' lang='lat' dir='ltr'>venas</span> <span class='ocrx_word' id='word_1_176' title='bbox 1624 1617 1667 1661; x_wconf 93' lang='lat' dir='ltr'>ei</span> <span class='ocrx_word' id='word_1_177' title='bbox 1706 1614 1767 1661; x_wconf 91' lang='lat' dir='ltr'>la-</span> 
     </span>
     <span class='ocr_line' id='line_1_23' title="bbox 170 1684 1769 1746; baseline 0.001 -17"><span class='ocrx_word' id='word_1_178' title='bbox 170 1685 270 1730; x_wconf 87' lang='lat' dir='ltr'>xari</span> <span class='ocrx_word' id='word_1_179' title='bbox 308 1685 627 1744; x_wconf 87' lang='lat' dir='ltr'>praecepistis,</span> <span class='ocrx_word' id='word_1_180' title='bbox 667 1699 774 1731; x_wconf 90' lang='lat' dir='ltr'>cum</span> <span class='ocrx_word' id='word_1_181' title='bbox 807 1684 884 1731; x_wconf 93' lang='lat' dir='ltr'>hic</span> <span class='ocrx_word' id='word_1_182' title='bbox 920 1686 1012 1730; x_wconf 91' lang='lat' dir='ltr'>iam</span> <span class='ocrx_word' id='word_1_183' title='bbox 1050 1685 1334 1731; x_wconf 90' lang='lat' dir='ltr'>semianimis</span> <span class='ocrx_word' id='word_1_184' title='bbox 1364 1685 1590 1730; x_wconf 86' lang='lat' dir='ltr'>visionem</span> <span class='ocrx_word' id='word_1_185' title='bbox 1620 1686 1769 1746; x_wconf 86' lang='lat' dir='ltr'>ipsam</span> 
     </span>
     <span class='ocr_line' id='line_1_24' title="bbox 171 1751 1769 1818; baseline 0.001 -19"><span class='ocrx_word' id='word_1_186' title='bbox 171 1753 287 1799; x_wconf 82' lang='lat' dir='ltr'>ferri</span> <span class='ocrx_word' id='word_1_187' title='bbox 319 1751 682 1814; x_wconf 80' lang='lat' dir='ltr'>perhorrescat?</span> <span class='ocrx_word' id='word_1_188' title='bbox 739 1754 870 1801; x_wconf 91' lang='lat' dir='ltr'>Unde</span> <span class='ocrx_word' id='word_1_189' title='bbox 909 1754 1089 1800; x_wconf 89' lang='lat' dir='ltr'>reddite</span> <span class='ocrx_word' id='word_1_190' title='bbox 1126 1754 1260 1812; x_wconf 88' lang='lat' dir='ltr'>mihi,</span> <span class='ocrx_word' id='word_1_191' title='bbox 1299 1755 1631 1815; x_wconf 89' lang='lat' dir='ltr'>sapientissimi</span> <span class='ocrx_word' id='word_1_192' title='bbox 1666 1755 1769 1818; x_wconf 80' lang='lat' dir='ltr'>viri,</span> 
     </span>
     <span class='ocr_line' id='line_1_25' title="bbox 170 1822 1768 1887; baseline 0.001 -19"><span class='ocrx_word' id='word_1_193' title='bbox 170 1822 426 1870; x_wconf 90' lang='lat' dir='ltr'>hodiernae</span> <span class='ocrx_word' id='word_1_194' title='bbox 465 1838 628 1870; x_wconf 88' lang='lat' dir='ltr'>causas</span> <span class='ocrx_word' id='word_1_195' title='bbox 666 1825 936 1887; x_wconf 83' lang='lat' dir='ltr'>curationis,</span> <span class='ocrx_word' id='word_1_196' title='bbox 975 1838 1059 1870; x_wconf 90' lang='lat' dir='ltr'>cur</span> <span class='ocrx_word' id='word_1_197' title='bbox 1097 1823 1240 1870; x_wconf 84' lang='lat' dir='ltr'>fuerit</span> <span class='ocrx_word' id='word_1_198' title='bbox 1274 1823 1477 1885; x_wconf 88' lang='lat' dir='ltr'>desuper</span> <span class='ocrx_word' id='word_1_199' title='bbox 1507 1823 1669 1870; x_wconf 88' lang='lat' dir='ltr'>oculus</span> <span class='ocrx_word' id='word_1_200' title='bbox 1700 1825 1768 1870; x_wconf 87' lang='lat' dir='ltr'>in—</span> 
     </span>
     <span class='ocr_line' id='line_1_26' title="bbox 172 1893 1832 1956; baseline -0.002 -18"><span class='ocrx_word' id='word_1_201' title='bbox 172 1894 320 1955; x_wconf 78' lang='lat' dir='ltr'>ciSUS,</span> <span class='ocrx_word' id='word_1_202' title='bbox 373 1907 458 1940; x_wconf 92' lang='lat' dir='ltr'>cur</span> <span class='ocrx_word' id='word_1_203' title='bbox 508 1908 667 1940; x_wconf 91' lang='lat' dir='ltr'>rasum</span> <span class='ocrx_word' id='word_1_204' title='bbox 719 1899 879 1956; x_wconf 85' lang='lat' dir='ltr'>caput,</span> <span class='ocrx_word' id='word_1_205' title='bbox 931 1908 1016 1940; x_wconf 85' lang='lat' dir='ltr'>cur</span> <span class='ocrx_word' id='word_1_206' title='bbox 1059 1893 1267 1940; x_wconf 90' lang='lat' dir='ltr'>meacula</span> <span class='ocrx_word' id='word_1_207' title='bbox 1316 1899 1479 1940; x_wconf 87' lang='lat' dir='ltr'>exusta</span> <span class='ocrx_word' id='word_1_208' title='bbox 1530 1907 1766 1940; x_wconf 89' lang='lat' dir='ltr'>venarum.</span> <span class='ocrx_word' id='word_1_209' title='bbox 1790 1904 1832 1936; x_wconf 85' lang='lat'>25</span> 
     </span>
     <span class='ocr_line' id='line_1_27' title="bbox 171 1961 1767 2025; baseline 0 -17"><span class='ocrx_word' id='word_1_210' title='bbox 171 1961 351 2009; x_wconf 89' lang='lat' dir='ltr'>Meatus</span> <span class='ocrx_word' id='word_1_211' title='bbox 397 1965 520 2009; x_wconf 90' lang='lat' dir='ltr'>enim</span> <span class='ocrx_word' id='word_1_212' title='bbox 565 1964 782 2024; x_wconf 91' lang='lat' dir='ltr'>inrigatio</span> <span class='ocrx_word' id='word_1_213' title='bbox 829 1965 867 2009; x_wconf 92' lang='lat' dir='ltr'>si</span> <span class='ocrx_word' id='word_1_214' title='bbox 911 1964 1093 2009; x_wconf 90' lang='lat' dir='ltr'>venerit</span> <span class='ocrx_word' id='word_1_215' title='bbox 1137 1963 1194 2009; x_wconf 91' lang='lat' dir='ltr'>ad</span> <span class='ocrx_word' id='word_1_216' title='bbox 1239 1978 1293 2009; x_wconf 89' lang='lat' dir='ltr'>ea</span> <span class='ocrx_word' id='word_1_217' title='bbox 1335 1962 1458 2025; x_wconf 85' lang='lat' dir='ltr'>loca,</span> <span class='ocrx_word' id='word_1_218' title='bbox 1502 1963 1551 2008; x_wconf 94' lang='lat' dir='ltr'>in</span> <span class='ocrx_word' id='word_1_219' title='bbox 1597 1962 1767 2023; x_wconf 91' lang='lat' dir='ltr'>quibus</span> 
     </span>
     <span class='ocr_line' id='line_1_28' title="bbox 171 2031 1767 2095; baseline 0.001 -18"><span class='ocrx_word' id='word_1_220' title='bbox 171 2031 374 2078; x_wconf 91' lang='lat' dir='ltr'>habebat</span> <span class='ocrx_word' id='word_1_221' title='bbox 411 2033 760 2093; x_wconf 86' lang='lat' dir='ltr'>receptaculum</span> <span class='ocrx_word' id='word_1_222' title='bbox 793 2032 1081 2080; x_wconf 91' lang='lat' dir='ltr'>collectionis</span> <span class='ocrx_word' id='word_1_223' title='bbox 1113 2047 1238 2095; x_wconf 87' lang='lat' dir='ltr'>suae,</span> <span class='ocrx_word' id='word_1_224' title='bbox 1269 2047 1361 2094; x_wconf 90' lang='lat' dir='ltr'>quo</span> <span class='ocrx_word' id='word_1_225' title='bbox 1391 2034 1570 2093; x_wconf 91' lang='lat' dir='ltr'>impetu</span> <span class='ocrx_word' id='word_1_226' title='bbox 1601 2032 1767 2079; x_wconf 87' lang='lat' dir='ltr'>exinde</span> 
     </span>
     <span class='ocr_line' id='line_1_29' title="bbox 173 2101 1769 2165; baseline 0.001 -18"><span class='ocrx_word' id='word_1_227' title='bbox 173 2101 485 2149; x_wconf 89' lang='lat' dir='ltr'>descendebat</span> <span class='ocrx_word' id='word_1_228' title='bbox 516 2103 756 2165; x_wconf 84' lang='lat' dir='ltr'>deorsum,</span> <span class='ocrx_word' id='word_1_229' title='bbox 799 2117 1049 2149; x_wconf 90' lang='lat' dir='ltr'>recurrens</span> <span class='ocrx_word' id='word_1_230' title='bbox 1087 2116 1254 2149; x_wconf 88' lang='lat' dir='ltr'>rursus</span> <span class='ocrx_word' id='word_1_231' title='bbox 1285 2102 1341 2148; x_wconf 93' lang='lat' dir='ltr'>ad</span> <span class='ocrx_word' id='word_1_232' title='bbox 1371 2102 1544 2147; x_wconf 85' lang='lat' dir='ltr'>fontem</span> <span class='ocrx_word' id='word_1_233' title='bbox 1584 2101 1769 2148; x_wconf 89' lang='lat' dir='ltr'>cerebri</span> 
     </span>
     <span class='ocr_line' id='line_1_30' title="bbox 171 2170 1767 2234; baseline 0 -17"><span class='ocrx_word' id='word_1_234' title='bbox 171 2170 331 2232; x_wconf 88' lang='lat' dir='ltr'>ibique</span> <span class='ocrx_word' id='word_1_235' title='bbox 370 2178 723 2234; x_wconf 89' lang='lat' dir='ltr'>coangustatus,</span> <span class='ocrx_word' id='word_1_236' title='bbox 762 2187 869 2220; x_wconf 90' lang='lat' dir='ltr'>cum</span> <span class='ocrx_word' id='word_1_237' title='bbox 906 2173 1086 2219; x_wconf 86' lang='lat' dir='ltr'>fervere</span> <span class='ocrx_word' id='word_1_238' title='bbox 1121 2173 1349 2233; x_wconf 90' lang='lat' dir='ltr'>coeperit,</span> <span class='ocrx_word' id='word_1_239' title='bbox 1390 2171 1645 2218; x_wconf 92' lang='lat' dir='ltr'>verendum</span> <span class='ocrx_word' id='word_1_240' title='bbox 1683 2177 1767 2234; x_wconf 84' lang='lat' dir='ltr'>est,</span> 
     </span>
     <span class='ocr_line' id='line_1_31' title="bbox 172 2242 1830 2303; baseline -0.001 -17"><span class='ocrx_word' id='word_1_241' title='bbox 172 2255 231 2287; x_wconf 93' lang='lat' dir='ltr'>ne</span> <span class='ocrx_word' id='word_1_242' title='bbox 269 2242 512 2302; x_wconf 87' lang='lat' dir='ltr'>perforans</span> <span class='ocrx_word' id='word_1_243' title='bbox 551 2248 708 2289; x_wconf 88' lang='lat' dir='ltr'>cutem</span> <span class='ocrx_word' id='word_1_244' title='bbox 745 2257 798 2290; x_wconf 91' lang='lat' dir='ltr'>ac</span> <span class='ocrx_word' id='word_1_245' title='bbox 832 2242 1120 2303; x_wconf 89' lang='lat' dir='ltr'>pertundens</span> <span class='ocrx_word' id='word_1_246' title='bbox 1159 2247 1333 2287; x_wconf 89' lang='lat' dir='ltr'>cratem</span> <span class='ocrx_word' id='word_1_247' title='bbox 1371 2242 1535 2302; x_wconf 89' lang='lat' dir='ltr'>capitis</span> <span class='ocrx_word' id='word_1_248' title='bbox 1573 2247 1767 2302; x_wconf 90' lang='lat' dir='ltr'>generet</span> <span class='ocrx_word' id='word_1_249' title='bbox 1788 2253 1830 2283; x_wconf 81' lang='lat'>30</span> 
     </span>
    </p>
   </div>
   <div class='ocr_carea' id='block_1_3' title="bbox 171 2401 1767 2792">
    <p class='ocr_par' dir='ltr' id='par_1_3' title="bbox 171 2401 1767 2792">
     <span class='ocr_line' id='line_1_32' title="bbox 285 2401 1764 2458; baseline -0.001 -14"><span class='ocrx_word' id='word_1_250' title='bbox 285 2407 310 2443; x_wconf 90' lang='lat'>4</span> <span class='ocrx_word' id='word_1_251' title='bbox 341 2403 643 2458; x_wconf 83' lang='lat' dir='ltr'>emigranium.</span> <span class='ocrx_word' id='word_1_252' title='bbox 726 2410 749 2446; x_wconf 89' lang='lat'>5</span> <span class='ocrx_word' id='word_1_253' title='bbox 781 2402 1112 2446; x_wconf 76' lang='lat' dir='ltr'>arteriotomein</span> <span class='ocrx_word' id='word_1_254' title='bbox 1140 2402 1406 2455; x_wconf 73' lang='lat' dir='ltr'>Stephanus.-</span> <span class='ocrx_word' id='word_1_255' title='bbox 1436 2401 1764 2444; x_wconf 81' lang='lat' dir='ltr'>arteriotomon.</span> 
     </span>
     <span class='ocr_line' id='line_1_33' title="bbox 174 2457 1766 2515; baseline -0.001 -15"><span class='ocrx_word' id='word_1_256' title='bbox 174 2463 198 2500; x_wconf 88' lang='grc'><strong>6</strong></span> <span class='ocrx_word' id='word_1_257' title='bbox 231 2471 362 2500; x_wconf 85' lang='lat' dir='ltr'>escas.</span> <span class='ocrx_word' id='word_1_258' title='bbox 459 2460 679 2515; x_wconf 88' lang='lat' dir='ltr'>omnibus]</span> <span class='ocrx_word' id='word_1_259' title='bbox 712 2460 922 2502; x_wconf 81' lang='lat' dir='ltr'>aeonibus</span> <span class='ocrx_word' id='word_1_260' title='bbox 1032 2463 1055 2501; x_wconf 81' lang='lat'><strong>7</strong></span> <span class='ocrx_word' id='word_1_261' title='bbox 1087 2458 1350 2500; x_wconf 77' lang='lat' dir='ltr'>cauteritum</span> <span class='ocrx_word' id='word_1_262' title='bbox 1381 2462 1468 2500; x_wconf 75' lang='lat' dir='ltr'>lm.</span> <span class='ocrx_word' id='word_1_263' title='bbox 1557 2461 1606 2499; x_wconf 90' lang='lat'>11</span> <span class='ocrx_word' id='word_1_264' title='bbox 1639 2457 1766 2500; x_wconf 87' lang='lat' dir='ltr'>lacri-</span> 
     </span>
     <span class='ocr_line' id='line_1_34' title="bbox 172 2513 1767 2570; baseline 0 -16"><span class='ocrx_word' id='word_1_265' title='bbox 172 2527 305 2556; x_wconf 90' lang='lat' dir='ltr'>mum.</span> <span class='ocrx_word' id='word_1_266' title='bbox 425 2520 475 2556; x_wconf 86' lang='lat'>14</span> <span class='ocrx_word' id='word_1_267' title='bbox 507 2515 722 2557; x_wconf 88' lang='lat' dir='ltr'>auxilium</span> <span class='ocrx_word' id='word_1_268' title='bbox 751 2515 1017 2570; x_wconf 71' lang='lat' dir='ltr'>Stephanus:</span> <span class='ocrx_word' id='word_1_269' title='bbox 1048 2514 1217 2569; x_wconf 81' lang='lat' dir='ltr'>exigua.</span> <span class='ocrx_word' id='word_1_270' title='bbox 1329 2517 1380 2555; x_wconf 89' lang='lat'>18</span> <span class='ocrx_word' id='word_1_271' title='bbox 1410 2513 1646 2555; x_wconf 85' lang='lat' dir='ltr'>medellam</span> <span class='ocrx_word' id='word_1_272' title='bbox 1678 2518 1701 2554; x_wconf 88' lang='lat'><strong><em>1</em></strong></span> <span class='ocrx_word' id='word_1_273' title='bbox 1711 2526 1767 2566; x_wconf 83' lang='lat' dir='ltr'>m,</span> 
     </span>
     <span class='ocr_line' id='line_1_35' title="bbox 172 2569 1765 2623; baseline -0.001 -12"><span class='ocrx_word' id='word_1_274' title='bbox 172 2582 290 2611; x_wconf 72' lang='lat' dir='ltr'>nune</span> <span class='ocrx_word' id='word_1_275' title='bbox 320 2570 502 2612; x_wconf 77' lang='lat' dir='ltr'>alterum</span> <span class='ocrx_word' id='word_1_276' title='bbox 531 2571 548 2611; x_wconf 92' lang='lat' dir='ltr'>l</span> <span class='ocrx_word' id='word_1_277' title='bbox 577 2584 758 2614; x_wconf 81' lang='lat' dir='ltr'>erasum.</span> <span class='ocrx_word' id='word_1_278' title='bbox 897 2576 947 2613; x_wconf 90' lang='grc'>19</span> <span class='ocrx_word' id='word_1_279' title='bbox 976 2583 1118 2623; x_wconf 88' lang='lat' dir='ltr'>neque</span> <span class='ocrx_word' id='word_1_280' title='bbox 1148 2569 1405 2612; x_wconf 75' lang='lat' dir='ltr'>inunctione</span> <span class='ocrx_word' id='word_1_281' title='bbox 1437 2582 1484 2622; x_wconf 89' lang='lat' dir='ltr'>q;</span> <span class='ocrx_word' id='word_1_282' title='bbox 1516 2570 1670 2623; x_wconf 79' lang='lat' dir='ltr'>(delet.)</span> <span class='ocrx_word' id='word_1_283' title='bbox 1701 2569 1765 2610; x_wconf 91' lang='lat' dir='ltr'>in-</span> 
     </span>
     <span class='ocr_line' id='line_1_36' title="bbox 172 2624 1766 2677; baseline 0.001 -12"><span class='ocrx_word' id='word_1_284' title='bbox 172 2624 390 2677; x_wconf 57' lang='lat' dir='ltr'>cisionem</span> <span class='ocrx_word' id='word_1_285' title='bbox 436 2627 679 2669; x_wconf 83' lang='lat' dir='ltr'>conbustio.</span> <span class='ocrx_word' id='word_1_286' title='bbox 823 2631 875 2669; x_wconf 91' lang='grc'>22</span> <span class='ocrx_word' id='word_1_287' title='bbox 921 2626 1133 2668; x_wconf 87' lang='lat' dir='ltr'>visionem</span> <span class='ocrx_word' id='word_1_288' title='bbox 1175 2629 1200 2667; x_wconf 89' lang='lat'><em>1</em></span> <span class='ocrx_word' id='word_1_289' title='bbox 1210 2639 1252 2668; x_wconf 85' lang='lat' dir='ltr'>m</span> <span class='ocrx_word' id='word_1_290' title='bbox 1294 2624 1553 2667; x_wconf 86' lang='lat' dir='ltr'>incisionem</span> <span class='ocrx_word' id='word_1_291' title='bbox 1597 2629 1678 2667; x_wconf 81' lang='lat' dir='ltr'>2m</span> <span class='ocrx_word' id='word_1_292' title='bbox 1717 2625 1766 2666; x_wconf 76' lang='lat' dir='ltr'>in</span> 
     </span>
     <span class='ocr_line' id='line_1_37' title="bbox 171 2680 1765 2736; baseline -0.001 -13"><span class='ocrx_word' id='word_1_293' title='bbox 171 2694 342 2723; x_wconf 74' lang='lat' dir='ltr'>rasura.</span> <span class='ocrx_word' id='word_1_294' title='bbox 550 2686 603 2723; x_wconf 89' lang='grc'>23</span> <span class='ocrx_word' id='word_1_295' title='bbox 649 2683 995 2736; x_wconf 75' lang='lat' dir='ltr'>perhorrescant.</span> <span class='ocrx_word' id='word_1_296' title='bbox 1202 2685 1254 2722; x_wconf 92' lang='grc'>28</span> <span class='ocrx_word' id='word_1_297' title='bbox 1298 2694 1469 2723; x_wconf 86' lang='lat' dir='ltr'>rursum</span> <span class='ocrx_word' id='word_1_298' title='bbox 1516 2680 1765 2723; x_wconf 74' lang='lat' dir='ltr'>Oornarius.</span> 
     </span>
     <span class='ocr_line' id='line_1_38' title="bbox 174 2738 999 2792; baseline 0.002 -15"><span class='ocrx_word' id='word_1_299' title='bbox 174 2740 226 2779; x_wconf 82' lang='lat'>29</span> <span class='ocrx_word' id='word_1_300' title='bbox 259 2738 612 2789; x_wconf 84' lang='lat' dir='ltr'>conangustatus.</span> <span class='ocrx_word' id='word_1_301' title='bbox 743 2743 796 2780; x_wconf 91' lang='lat'>30</span> <span class='ocrx_word' id='word_1_302' title='bbox 827 2750 999 2792; x_wconf 88' lang='lat' dir='ltr'>genere.</span> 
     </span>
    </p>
   </div>
  </div>
 </body>
</html>
