1898 3016
98 249 148 286 13

98 666 151 704 14

98 806 148 844 15

98 1224 148 1263 16

96 1434 145 1471 17

95 1643 145 1680 18

94 1853 145 1889 19

91 2061 143 2099 20

91 2341 142 2378 21

787 111 1028 163 —256
1106 141 1167 149 —

319 239 388 285 Ad
432 240 617 285 renium
663 239 871 286 dolorem
916 240 1146 286 confectio
1190 241 1510 289 medicaminis
1549 245 1636 290 sic:
1687 243 1775 290 Re-

179 309 307 354 sinae
346 308 603 356 colofoniae
633 335 702 341 —-
725 308 758 372 Ι,
796 309 980 370 galbani
1016 335 1073 341 —
1101 309 1134 371 Ι,
1173 314 1453 371 opopanacis
1489 339 1546 345 —
1575 312 1609 374 Ι,
1640 327 1775 360 cerae

178 403 245 411 —
285 376 364 440 VI,
411 381 507 425 sevi
550 405 606 411 —-
651 378 730 441 vl,
776 380 1003 439 axungiae
1046 381 1220 426 veteris
1257 379 1307 426 P.
1339 380 1379 442 1,
1423 387 1556 428 rutae
1597 408 1656 415 —
1698 382 1775 445 ΙΙΙ,

177 447 319 494 bacae
343 448 463 495 lauri
490 475 547 482 --
577 448 654 509 ΙΙΙ,
683 448 857 495 herbae
882 447 1079 495 Sabinae
1107 475 1166 480 —
1193 449 1270 512 111,
1297 450 1386 496 olei
1410 458 1634 511 quantum
1657 466 1775 513 opus

178 519 335 580 fuerit,
374 520 567 564 seminis
598 519 777 564 urticae
805 544 870 550 —
895 517 972 565 ΙΙΙ.
1030 518 1123 565 Ista
1154 520 1308 565 omnia
1339 520 1478 566 simul
1507 528 1776 582 coquuntur
1798 534 1818 566 5

180 593 227 633 et
264 587 479 635 colantur
510 594 557 634 et
587 589 713 634 circa
742 602 881 634 renes
911 589 961 634 in
990 587 1206 649 pellicula
1238 588 1433 636 alutacia
1463 590 1776 652 adponuntur.

319 657 386 704 Ad
420 659 583 704 urinae
615 657 937 704 difficultatem
970 660 1152 704 murino
1177 658 1284 704 fimo
1309 661 1622 707 summitatem
1646 675 1776 707 vere-

179 728 242 772 tri
279 727 350 773 vel
388 729 535 773 imum
573 736 783 773 ventrem
821 727 955 774 inlini
991 728 1197 789 prodest.

320 797 387 843 Ad
435 797 664 844 calculum
708 798 1086 858 expertissimum
1124 798 1383 844 remedium
1421 800 1510 846 sic:
1553 799 1777 861 Asparagi

179 866 360 913 radices
400 874 446 913 et
485 867 783 927 saxifragam,
819 867 981 928 lappae
1020 867 1246 930 radicem,
1284 870 1377 928 apii
1413 868 1609 932 radices,
1648 869 1775 916 ebuli
1802 884 1845 915 10

178 936 375 998 radices,
414 936 492 982 alii
529 939 680 997 capita
710 938 814 999 tria,
851 937 956 983 folia
993 936 1160 998 salicis,
1198 937 1459 998 petrosilini
1490 938 1777 986 Macedonici

178 1006 428 1053 modicum.
494 1006 621 1052 Haec
666 1008 818 1052 omnia
863 1014 1079 1053 conteres
1121 1014 1167 1053 et
1204 1007 1422 1053 miscebis
1461 1015 1508 1054 et
1544 1023 1600 1055 ex
1638 1023 1774 1069 passo

178 1075 379 1122 bibenda
410 1091 495 1137 per
525 1076 734 1123 triduum
766 1076 919 1139 dabis3
957 1077 997 1122 si
1027 1091 1216 1137 passum
1239 1091 1334 1122 non
1358 1078 1512 1139 fuerit,
1545 1092 1600 1124 ex
1627 1078 1775 1124 mulso

178 1145 249 1191 vel
283 1146 470 1192 condito
495 1145 637 1207 bibat,
669 1145 750 1191 sed
776 1147 815 1191 si
840 1160 934 1191 non
958 1145 1254 1208 febricitabit,
1286 1147 1363 1192 cui
1385 1146 1666 1193 medendum
1691 1155 1774 1194 est.

320 1215 389 1261 Ad
428 1215 656 1262 calculum
704 1221 750 1260 et
794 1217 957 1261 urinae
1002 1215 1322 1262 difficultatem
1361 1217 1646 1278 pastinacae,
1684 1217 1773 1264 hoc
1802 1231 1841 1262 15

178 1292 250 1330 est
279 1284 454 1331 holeris
487 1285 611 1346 quod
642 1285 952 1331 manducatur
991 1287 1319 1347 summitatem,
1356 1286 1404 1332 id
1443 1293 1515 1332 est
1552 1289 1774 1333 corticem

179 1356 294 1416 eius,
332 1362 459 1401 teres
498 1363 544 1401 et
582 1356 687 1400 vino
726 1356 879 1415 picato
918 1355 1223 1415 permiscebis
1254 1362 1300 1401 ct
1329 1355 1584 1402 bibendum
1617 1358 1774 1403 ieiuno

177 1423 322 1470 dahis.
374 1424 607 1471 Modicum
640 1425 695 1471 de
729 1427 891 1471 sucino
924 1425 1073 1485 lapide
1106 1432 1152 1471 et
1182 1440 1405 1487 cyperum
1437 1433 1484 1471 et
1508 1427 1642 1487 piper
1666 1441 1773 1473 con-

176 1493 347 1540 tundes
386 1501 433 1541 et
470 1509 645 1555 coques
683 1500 730 1540 et
775 1495 983 1541 cocleare
1023 1509 1167 1541 unum
1205 1495 1393 1555 plenum
1432 1496 1590 1542 ieiuno
1629 1495 1774 1558 dabis,

177 1565 258 1624 qui
296 1565 458 1610 urinae
497 1563 769 1610 difficultate
807 1564 878 1609 vel
917 1564 1082 1610 calculi
1120 1563 1278 1610 dolore
1316 1565 1629 1626 torquebitur.
1797 1580 1838 1610 20

317 1634 527 1681 Renibus
559 1634 774 1680 medetur
805 1634 926 1680 alum
952 1633 1190 1696 Gallicum,
1222 1636 1356 1680 cuius
1383 1635 1513 1680 radix
1537 1637 1646 1681 trita
1671 1635 1772 1681 dili-

175 1709 340 1764 genter
378 1710 424 1751 et
461 1705 510 1750 in
547 1705 653 1749 vino
692 1703 881 1750 decocta
921 1703 1121 1765 bibitur3
1159 1704 1395 1750 interdum
1434 1706 1571 1750 etiam
1603 1706 1664 1751 ita
1697 1705 1774 1751 de-

176 1775 409 1836 coquitur,
440 1780 494 1821 ut
524 1775 729 1834 spissum
761 1773 1001 1834 emplastri
1030 1787 1160 1819 more
1191 1773 1384 1820 renibus
1415 1782 1772 1834 superponatur.

176 1842 331 1889 Renes
354 1843 527 1904 leporis
551 1843 722 1890 crudos
747 1846 785 1889 si
804 1845 908 1904 quis
925 1844 1098 1904 poterit
1115 1843 1315 1906 gluttiat‚
1339 1845 1411 1889 sin
1431 1846 1600 1906 minus,
1618 1852 1775 1891 coctos

175 1915 476 1976 transmittat,
513 1916 577 1960 ita
615 1920 667 1959 ut
705 1913 923 1960 dentibus
961 1928 1041 1959 eos
1079 1927 1172 1959 non
1208 1915 1461 1976 contingat,
1499 1915 1591 1959 cito
1621 1928 1770 1960 reme-
1796 1927 1837 1959 25

176 1983 402 2046 diabitur;
437 1984 567 2030 radix
599 1997 785 2044 quoque
818 1985 1027 2044 asparagi
1059 1997 1115 2028 ex
1146 1984 1252 2029 vino
1283 1985 1391 2029 trita
1423 1990 1469 2029 ct
1499 1990 1605 2043 pota
1637 1984 1773 2044 prod-

176 2060 249 2098 est
285 2055 468 2099 renium
508 2053 669 2099 dolori.
726 2052 867 2099 Ibisci
903 2052 1068 2098 libram
1101 2067 1254 2114 unam,
1293 2054 1515 2098 stercoris
1546 2052 1670 2098 ovilli
1701 2067 1771 2098 re-

176 2124 326 2168 centis
363 2122 411 2170 P.
443 2123 505 2185 ΙΙ,
545 2124 770 2183 axungiae
809 2124 981 2168 veteris
1019 2122 1066 2169 P.
1099 2122 1152 2168 ΙΙ.
1219 2121 1342 2168 Haec
1381 2123 1533 2167 omnia
1572 2123 1773 2168 contrita

174 2194 353 2252 pariter
397 2192 617 2239 miscebis
663 2200 710 2239 et
753 2193 802 2238 in
846 2192 947 2238 lana
994 2192 1154 2238 sucida
1199 2191 1390 2238 renibus
1435 2191 1639 2252 adpones
1679 2205 1772 2237 em-

174 2262 340 2322 plastri
377 2263 527 2324 modo,
567 2265 720 2309 statim
760 2262 982 2323 proderit.
1797 2275 1836 2305 30

291 2332 384 2378 >Ad
416 2334 621 2379 vessicae
652 2332 858 2379 dolorem
892 2339 937 2378 et
967 2332 1022 2378 ad
1049 2346 1142 2392 eos,
1175 2332 1255 2391 qui
1278 2331 1461 2376 urinam
1485 2331 1556 2375 vix
1582 2330 1773 2393 faciunt,

173 2402 435 2448 remedium
467 2405 554 2449 sic:
587 2401 788 2449 Seminis
818 2401 1091 2463 petroselini
1121 2400 1309 2462 cyathos
1339 2405 1449 2461 tres,
1481 2399 1773 2460 faenograeci

174 2471 365 2532 cyathos
396 2478 515 2534 tres3
551 2478 721 2518 tostata
752 2472 866 2518 haec
898 2470 1156 2517 contundes
1188 2469 1342 2515 addito
1375 2483 1556 2530 myrrae
1588 2469 1770 2515 modico

174 2547 220 2586 et
250 2543 426 2602 piperis
458 2543 615 2602 granis
640 2541 776 2603 VIlII,
800 2542 894 2587 vini
919 2541 1098 2602 cyathis
1122 2538 1316 2585 duobus
1365 2538 1529 2585 Omnia
1553 2540 1601 2584 in
1626 2552 1770 2585 unum

316 2652 340 2687 2
372 2647 641 2689 colofinicae.
783 2651 834 2689 10
866 2646 1127 2689 saxifricam.
1269 2649 1317 2685 11
1351 2644 1427 2685 alii
1458 2649 1535 2686 Im
1566 2643 1660 2686 allii
1691 2649 1769 2687 2m

176 2705 227 2742 13
258 2702 452 2745 tridium.
569 2708 623 2744 20
646 2704 784 2745 urina.
898 2707 949 2744 21
981 2701 1130 2754 alium,
1160 2701 1232 2742 sed
1262 2702 1315 2751 ef.
1342 2701 1458 2742 Plin.
1483 2714 1525 2742 oz.
1548 2702 1587 2742 h.
1611 2704 1678 2754 27,
1703 2704 1768 2741 41.

174 2760 228 2797 24
260 2758 428 2799 crudus.
546 2759 710 2802 coctus,
