1930 3008
109 387 163 425 24

106 873 160 911 25

106 1708 158 1745 26

106 2125 159 2163 27

106 2333 159 2372 28

802 115 1180 165 —278—

192 240 347 287 festim
372 240 517 303 dolor,
548 255 654 288 cum
679 256 756 288 eas
780 242 1004 289 deiecerit
1026 244 1333 306 torminosus3
1360 250 1466 305 post
1487 246 1788 292 iniectionem

191 323 303 356 sane
341 309 479 357 detur
517 310 665 357 cibus.

333 380 471 427 Aliud
508 381 913 444 medicamentum,
952 381 1077 442 quod
1114 382 1311 428 mirifice
1344 382 1535 443 prodest
1564 386 1788 431 tormino-

193 451 271 512 sis,
310 451 406 496 sive
444 449 623 496 febrem
661 450 911 498 habuerint
948 465 1032 497 seu
1070 452 1170 498 sine
1210 451 1339 498 febre
1377 452 1571 500 fuerint:
1609 453 1788 501 Planta·

191 521 312 581 ginis
358 521 462 566 suci
504 519 689 566 hemina
735 520 900 581 frigida
945 520 1019 566 vel
1063 520 1219 581 tepida
1263 522 1515 568 inmittitur
1566 537 1651 583 per
1697 523 1787 585 cly-
1811 535 1832 567 5

191 594 367 636 sterem
414 591 463 635 in
509 603 649 635 anum
697 590 768 636 vel
820 604 904 650 per
950 604 999 636 se
1046 590 1141 637 sola
1165 590 1258 637 ·vel
1294 605 1400 637 cum
1438 593 1543 638 vino
1582 606 1639 638 ex
1676 594 1790 654 piris

193 658 396 720 Syriacis
435 659 570 706 facto.
636 658 736 706 Hoc
775 658 1167 706 medicamentum
1209 662 1349 707 etiam
1386 662 1427 706 si
1465 675 1602 722 aeger
1632 661 1789 708 cibum

189 727 444 790 horrescit,
491 730 699 776 restituit
738 730 780 775 ei
819 729 1122 790 cupiditatem
1159 730 1489 793 manducandi3
1531 731 1642 778 facit
1678 745 1790 778 vero

192 799 329 844 sitem
367 797 723 861 intolerabilem,
761 798 842 845 sed
881 799 1118 846 moderate
1155 799 1424 846 bibendum.

333 867 551 914 Pastillus
589 868 645 914 ad
683 870 967 915 torminosos
999 869 1161 916 efficax
1193 870 1440 916 conficitur
1470 871 1558 917 sic:
1596 870 1788 917 Acaciae
1814 883 1854 914 10

191 936 230 984 X
260 937 301 1000 I,
340 937 449 984 mali
486 939 668 998 granati
705 940 896 984 corticis
935 938 974 984 X
1005 938 1118 1000 VIII,
1156 938 1300 999 gallae
1339 938 1554 1000 Syriacae
1591 941 1790 986 inmatu-

189 1021 269 1054 rae
308 1006 347 1052 X
387 1007 443 1069 V,
491 1009 674 1068 soporis
711 1007 752 1053 X
789 1007 846 1070 V,
891 1009 1033 1069 myrti
1077 1008 1299 1055 bacarum
1342 1010 1583 1069 nigrarum
1620 1009 1660 1055 X
1698 1009 1791 1068 VII,

189 1076 319 1139 rhus,
352 1076 476 1138 quod
509 1078 696 1123 coriarii
726 1083 940 1139 utuntur,
970 1077 1010 1123 X
1034 1077 1157 1123 VIIII
1194 1077 1265 1123 vel
1296 1078 1505 1124 eiusdem
1530 1080 1632 1125 suci
1654 1078 1694 1124 X
1718 1078 1789 1141 VI,

190 1146 354 1192 alterci
391 1147 583 1192 seminis
621 1145 661 1191 X
695 1145 808 1208 VIII,
845 1148 966 1193 turis
1005 1146 1044 1193 X
1082 1146 1197 1209 VIII,
1235 1147 1351 1194 rhus
1391 1147 1568 1208 Syriaci
1604 1147 1644 1193 X
1674 1147 1788 1195 VIII.

188 1215 314 1262 Haec
346 1217 500 1262 omnia
531 1217 799 1262 animantur
828 1222 1015 1277 praeter
1046 1217 1261 1278 acaciam,
1293 1223 1383 1279 tus,
1415 1218 1574 1278 opium
1606 1223 1652 1263 et
1679 1232 1788 1264 con·
1815 1231 1854 1262 15

188 1285 455 1332 tunduntur
493 1298 707 1331 seorsum
748 1292 795 1332 et
830 1287 880 1331 in
917 1300 1064 1332 unum
1101 1287 1360 1332 miscentur
1396 1288 1598 1348 vinoque
1637 1289 1792 1334 omnia

188 1356 392 1416 myrtino
431 1362 808 1416 consparguntur
846 1361 985 1416 atque
1023 1357 1070 1401 in
1108 1356 1277 1417 pyxide
1308 1356 1440 1402 fictili
1474 1363 1790 1420 reponuntur3

191 1427 232 1471 si
270 1427 374 1486 quis
412 1424 535 1471 volet
571 1425 780 1485 pastillos
818 1426 986 1488 facere,
1025 1425 1193 1472 adiciet
1223 1427 1423 1486 gummis
1454 1425 1494 1471 X
1525 1425 1595 1473 VI.
1654 1426 1788 1473 Dabi-

188 1500 268 1541 tur
299 1509 355 1541 ex
385 1495 473 1541 hoc
503 1495 845 1541 medicamento
876 1496 1034 1541 ieiuno
1070 1496 1327 1541 torminoso
1359 1495 1398 1541 X
1429 1510 1552 1542 unus
1584 1510 1640 1542 ex
1671 1511 1790 1558 aqua

189 1564 262 1611 vel
293 1579 348 1610 ex
379 1566 486 1610 vino
518 1566 662 1611 mixto
693 1570 886 1625 myrteo.
954 1563 1082 1610 Idem
1113 1565 1506 1611 medicamentum
1536 1567 1789 1613 inmittitur
1812 1579 1854 1610 20

189 1649 276 1695 per
313 1634 560 1695 clysterem
600 1634 656 1680 ad
695 1648 963 1680 mensuram
999 1635 1126 1680 iuxta
1164 1636 1287 1680 vires
1326 1636 1569 1695 cuiusque.

331 1702 461 1750 Vinis
499 1705 571 1750 uti
608 1709 794 1764 oportet
831 1705 1114 1750 torminosos
1145 1718 1202 1750 ex
1231 1710 1382 1765 myrto
1415 1711 1461 1750 et
1491 1705 1606 1765 piris
1639 1704 1789 1766 Syria-

190 1776 272 1836 cis,
311 1787 367 1819 ex
403 1773 537 1819 malis
573 1773 792 1834 cydoneis
831 1779 878 1819 et
915 1772 1196 1836 terebintho,
1236 1788 1290 1819 ex
1328 1773 1443 1820 rhus
1481 1775 1693 1836 coriario,
1733 1788 1789 1820 ex

189 1842 355 1905 glande
395 1844 632 1905 quercina,
671 1857 727 1889 ex
773 1842 996 1905 lapathio,
1036 1857 1091 1889 ex
1135 1842 1297 1904 populi
1334 1843 1513 1905 fructu,
1558 1858 1615 1889 ex
1656 1842 1789 1905 rub0,

190 1928 247 1959 ex
269 1912 576 1974 hypocistide.
616 1912 744 1967 Quae
769 1914 922 1959 omnia
953 1913 1282 1974 decoquuntur
1314 1927 1525 1959 seorsum
1549 1927 1657 1960 cum
1680 1914 1786 1960 vino
1810 1926 1850 1957 25

191 1982 471 2029 Surrentino
510 1988 591 2029 aut
629 1982 843 2045 Signino,
884 1984 1064 2043 potioni
1102 1997 1211 2028 vero
1249 1983 1534 2029 admiscetur
1570 1997 1689 2044 aqua
1727 1984 1789 2029 ci-

192 2053 402 2099 sternina
439 2052 632 2098 decocta
671 2058 717 2098 et
755 2052 841 2099 sub
880 2052 983 2099 divo
1021 2053 1185 2113 posita.

332 2121 530 2168 Prodest
574 2123 846 2168 torminosis
886 2122 955 2168 lac
993 2127 1177 2183 potum,
1221 2123 1270 2167 in
1316 2121 1439 2182 quod
1483 2120 1660 2181 lapides
1698 2121 1788 2166 fer-

190 2197 354 2238 ventes
400 2193 586 2252 saepius
631 2191 704 2237 vel
749 2192 928 2238 ferrum
973 2191 1177 2238 candens
1224 2191 1477 2237 demissum
1529 2190 1695 2253 fuerit,
1748 2192 1789 2236 si

189 2266 347 2308 tamen
384 2275 477 2307 non
516 2260 863 2308 febricitabunt.
1811 2273 1851 2303 30

333 2330 436 2377 Cibi
479 2337 678 2392 prosunt
718 2331 989 2377 torminosis
1026 2330 1315 2376 huiusmodi:
1365 2328 1502 2375 Panis
1540 2328 1788 2375 fermenta-

191 2406 268 2447 tus
307 2400 475 2462 durus,
519 2401 674 2461 pultes
715 2401 946 2463 diversae,
990 2399 1211 2446 lenticula
1249 2404 1379 2445 aceto
1417 2398 1622 2459 condita,
1660 2397 1788 2444 bras-

191 2471 302 2534 sica,
339 2470 568 2533 plantago,
607 2470 767 2533 intiba,
805 2469 923 2516 mala
961 2469 1179 2530 cydonea,
1216 2482 1331 2514 uvae
1369 2482 1425 2513 ex
1456 2467 1571 2530 ollis,
1609 2467 1787 2528 palmae

334 2594 358 2631 5
391 2590 577 2633 clistere.
724 2595 748 2631 8
780 2590 974 2632 ori-escit.
1131 2591 1182 2629 12
1214 2587 1380 2640 oporis:
1413 2586 1504 2641 opii
1535 2587 1787 2630 Gornarz'us.

195 2649 248 2686 13
280 2659 367 2698 quo
399 2645 650 2688 Gornarius.
735 2651 784 2688 19
816 2645 1200 2687 medicamentum.
1273 2646 1324 2684 21
1358 2643 1559 2697 clystere.
1633 2648 1687 2686 24
1709 2657 1787 2697 pu-

190 2700 298 2753 puli.
423 2705 475 2742 25
508 2702 859 2754 dequoquuntur.
981 2704 1035 2742 28
1065 2697 1339 2741 torminosos.
1466 2703 1519 2741 29
1551 2699 1789 2741 demissum

190 2757 368 2810 scripsi:
399 2756 641 2799 dimissum.
