1898 3016
82 309 133 345 31

82 656 135 692 32

82 795 134 832 33

82 935 135 972 34

82 1144 135 1181 36

83 1352 134 1389 37

83 1561 135 1598 38

84 1700 135 1736 39

85 1978 138 2015 40

85 2603 137 2639 41

778 129 836 135 -
918 101 1017 150 124
1095 94 1181 136 -’

167 230 284 275 cinis
327 228 539 290 prodest,
587 230 627 274 si
671 243 726 274 eo
772 229 935 275 dentes
979 229 1274 275 infricentur.
1340 227 1531 276 Vermes
1567 231 1760 292 terreni,

165 298 212 344 id
251 304 324 344 est
359 297 592 360 lumbrici,
631 297 814 345 decocti
850 299 899 344 in
936 298 1037 344 oleo
1076 304 1123 344 et
1158 299 1260 344 triti
1295 298 1608 346 infunduntur
1638 300 1761 345 auri-

166 367 297 414 culae
335 367 391 413 ab
430 382 482 414 ea
519 375 674 429 parte,
719 382 808 428 qua
847 366 1011 414 dentes
1049 367 1229 430 dolent3
1274 369 1530 415 eorundem
1575 376 1759 415 exusto-

164 451 270 484 rum
308 438 534 484 vermium
573 439 691 484 cinis
729 436 949 483 dentibus
986 439 1110 484 cavis
1146 436 1221 483 vel
1257 437 1524 485 dolentibus
1553 439 1760 485 insertus

165 514 213 554 et
257 521 364 553 cera
410 513 601 567 opertus
647 506 781 553 facile
828 506 994 553 cadere
1042 522 1122 553 eos
1167 509 1312 569 cogit,
1363 507 1562 554 conburi
1605 513 1759 554 autem
1781 522 1802 554 5

166 576 338 623 debent
374 582 494 623 testa
532 576 762 623 candenti.
823 577 1048 623 Ossorum
1087 592 1143 623 ex
1180 576 1367 638 ungulis
1406 579 1614 638 porcinis
1653 591 1762 624 con-

167 646 415 692 bustorum
454 647 573 692 cinis
618 660 703 707 pro
750 646 1016 693 dentifricio
1061 646 1248 693 habitus
1292 646 1547 707 plurimum
1595 647 1763 693 confir-

165 715 347 762 mandis
385 715 604 762 dentibus
641 715 847 776 prodest.
911 716 982 762 Ad
1020 716 1185 763 dentes
1222 730 1358 763 cavos
1396 724 1443 764 et
1479 731 1658 774 exesoS‚
1703 730 1762 762 ne

166 787 354 846 penitus
386 785 643 832 exedantur
673 793 753 832 aut
783 786 1014 849 excidant,
1044 786 1186 833 facies
1216 785 1327 833 hoc:
1365 786 1608 849 Gummen,
1639 785 1763 847 quod

165 858 215 902 in
251 854 425 901 hedera
461 856 685 916 nascitur,
723 870 832 901 cavo
864 855 992 902 denti
1021 858 1229 902 inserito.
1281 855 1528 915 Harenula,
1567 870 1683 917 quae
1714 857 1763 902 in
1787 871 1827 901 ιο

167 924 337 972 cocleis
367 926 618 986 invenitur,
650 925 779 971 denti
810 940 920 971 cavo
952 932 998 972 et
1029 926 1203 972 dolenti
1232 927 1409 972 inserta
1437 927 1593 972 statim
1623 925 1762 986 prod-

167 1002 252 1041 est.
319 994 548 1041 Gummen
593 997 807 1055 cupressi
851 996 1024 1055 optime
1071 996 1201 1057 facit,
1247 997 1286 1041 si
1329 997 1559 1042 insertum
1598 995 1672 1042 die
1710 1009 1764 1041 ac

114 1074 129 1083 ”
166 1072 303 1111 nocte
341 1066 389 1110 in
428 1079 539 1110 cavo
578 1064 716 1110 dente
748 1066 1071 1125 permanserit.
1127 1064 1188 1111 Ut
1217 1064 1425 1111 labantes
1457 1065 1622 1111 dentes
1655 1079 1763 1111 con-

167 1135 340 1196 firmes,
371 1134 579 1196 cedrum,
612 1148 704 1194 quo
735 1133 843 1180 libri
873 1141 1216 1196 perunguntur,
1245 1136 1295 1180 in
1325 1149 1406 1181 ore
1432 1149 1570 1195 quam
1601 1134 1764 1180 diutis-

167 1205 283 1250 sime
322 1211 428 1249 tene
467 1209 514 1249 et
551 1203 749 1249 subinde
788 1206 1025 1250 recentius
1057 1206 1250 1266 sumit03
1287 1218 1382 1250 non
1413 1203 1563 1251 solum
1600 1204 1764 1251 dentes
1786 1218 1827 1250 15

167 1272 479 1335 confirmabis,
510 1287 674 1319 verum
705 1274 846 1319 etiam
877 1273 1084 1319 dolorem
1116 1288 1280 1320 eorum
1314 1282 1511 1321 avertes.
1572 1273 1764 1334 Saepiae

168 1357 220 1389 os
257 1342 330 1388 vel
367 1344 516 1403 ipsius
564 1341 836 1389 combustae
882 1350 929 1388 et
966 1358 1020 1389 ex
1058 1343 1195 1389 melle
1233 1345 1460 1390 contritae
1498 1343 1651 1404 pulvis
1689 1342 1764 1389 ad-

168 1415 288 1459 iecta
326 1419 456 1472 gutta
494 1414 769 1458 ammoniaci
807 1413 1005 1472 gingivis
1043 1421 1090 1459 et
1127 1412 1346 1459 dentibus
1379 1413 1586 1474 prodest,
1625 1415 1663 1459 si
1701 1414 1765 1459 ita
1828 1427 1833 1432 ’

170 1483 498 1543 perfricentur,
536 1488 590 1528 ut
627 1496 682 1528 ex
721 1496 774 1527 eo
813 1481 929 1527 nihil
965 1484 1012 1528 in
1052 1483 1210 1529 fauces
1240 1483 1504 1530 descendat.
1565 1482 1765 1544 Caprino

168 1552 286 1598 lacte
317 1553 499 1598 recenti
530 1553 651 1597 sicut
681 1551 884 1597 mulsum
915 1552 1058 1598 fuerit
1087 1567 1139 1598 os
1170 1553 1362 1599 adsidue
1394 1553 1618 1599 collutum
1641 1552 1763 1598 labo·
1788 1569 1828 1598 ρο

169 1627 328 1668 rantes
377 1636 433 1667 ex
477 1622 575 1667 ictu
621 1621 785 1667 dentes
831 1622 1088 1669 confirmat.
1162 1621 1368 1669 Lentisci
1417 1622 1599 1669 decocti
1647 1637 1766 1683 aqua

168 1693 292 1738 iutra
336 1705 389 1737 os
427 1690 700 1751 frequenter
738 1690 926 1737 detenta
964 1691 1127 1738 dentes
1165 1692 1429 1755 confirmat3
1474 1692 1599 1739 idem
1634 1706 1765 1754 prae-

169 1768 260 1808 stat
297 1762 508 1822 asparagi
539 1759 737 1806 silvatici
768 1775 931 1821 sucus,
969 1761 1092 1807 idem
1124 1768 1168 1807 et
1200 1762 1482 1808 omfacinum
1514 1761 1682 1824 oleum,
1717 1762 1765 1808 id

169 1837 241 1877 est
283 1829 459 1876 bonum
504 1830 674 1892 viride,
720 1831 761 1876 si
806 1830 1006 1877 calidum
1052 1833 1099 1877 in
1147 1845 1227 1877 ore
1272 1839 1508 1894 teneatur3
1554 1832 1679 1878 idem
1719 1841 1766 1878 et

167 1899 295 1946 inula
340 1914 365 1945 a
409 1901 567 1946 ieiuno
614 1900 995 1946 commanducata
1040 1901 1308 1961 praestabit.
1375 1901 1434 1948 Ut
1474 1901 1682 1948 labantes
1720 1910 1766 1949 et
1789 1916 1828 1947 25

170 1969 381 2016 dolentes
407 1969 570 2015 dentes
588 1968 720 2015 facile
746 1972 966 2032 excutiaS,
992 1985 1156 2017 sucum
1181 1970 1381 2017 hederae
1405 1972 1566 2031 nigrae
1586 1971 1766 2018 adiecto

168 2038 367 2100 pausillo
406 2038 497 2084 olei
534 2039 695 2085 viridis
732 2039 900 2086 habeto
940 2042 1199 2101 repositum
1237 2055 1288 2087 ac
1327 2047 1674 2103 praeparatum,
1712 2048 1767 2088 ut

169 2123 278 2156 cum
309 2123 427 2170 opus
451 2109 594 2155 fuerit
623 2123 760 2155 nares
792 2123 849 2155 ex
880 2124 934 2155 eo
967 2113 1209 2171 contingas
1238 2110 1382 2170 digito
1414 2110 1486 2156 vel
1515 2110 1764 2172 perfrices3

170 2193 262 2240 quo
310 2178 431 2224 facto
478 2179 695 2239 spiritum
741 2178 1026 2239 aliquamdiu
1063 2182 1321 2226 introrsum
1367 2180 1549 2242 traheS,
1596 2180 1763 2226 deinde

170 2247 347 2295 calculo
387 2248 604 2294 dentibus
643 2249 965 2309 conprehenso
1005 2249 1152 2296 hianti
1190 2264 1270 2295 ore
1310 2264 1520 2295 umorem
1563 2264 1761 2313 omnem,
1786 2265 1827 2295 30

171 2319 253 2379 qui
283 2332 339 2364 ex
370 2319 536 2378 pituita
568 2325 837 2365 contractus
869 2320 971 2380 erit,
1010 2318 1214 2365 defluere
1251 2320 1517 2379 permittes;
1554 2318 1765 2366 infinitus

171 2389 295 2434 enim
319 2387 539 2434 decurret
562 2402 712 2448 usque
744 2388 800 2434 ad
831 2390 974 2435 trium
1005 2388 1298 2434 heminarum
1329 2403 1608 2435 mensuram.
1653 2388 1766 2436 Post

172 2457 296 2518 quod
328 2456 429 2503 oleo
460 2471 580 2518 puro
613 2457 804 2504 naribus
841 2458 1063 2519 perfricto
1095 2465 1141 2504 et
1171 2460 1277 2504 vino
1310 2473 1390 2504 ore
1421 2458 1567 2505 diluto
1600 2459 1764 2505 dentes

172 2528 272 2572 sine
311 2526 470 2573 dolore
508 2533 648 2573 erunt
685 2534 731 2573 et
768 2528 899 2573 facile
939 2527 1254 2574 extrahentur.
1316 2528 1383 2573 Ad
1415 2528 1615 2588 epiforas
1654 2529 1762 2574 den-

170 2597 287 2642 tium
335 2602 382 2642 et
425 2598 665 2659 pituitam,
711 2598 749 2643 si
793 2598 841 2642 in
880 2597 1042 2643 dentes
1080 2598 1317 2660 inciderit,
1365 2613 1500 2658 quam
1540 2599 1764 2659 epiforam
1785 2611 1825 2643 35

284 2747 334 2783 13
367 2743 577 2786 labentes
630 2793 632 2795 ¹
694 2749 747 2786 23
780 2745 1065 2786 omfacenum.
1181 2745 1225 2801 a]
1257 2745 1326 2787 ad.
1436 2751 1487 2787 33
1520 2746 1612 2800 ore]
1646 2740 1705 2788 os.
