1898 3016
755 115 813 121 —
893 87 1181 136 120—·

145 215 247 261 eius
285 214 428 260 fuerit
464 215 668 277 incocta,
711 214 950 262 interdum
987 216 1112 260 enim
1150 229 1174 260 e
1213 214 1431 262 dentibus
1469 217 1601 276 quasi
1637 231 1737 263 ver-

144 282 305 330 miculi
342 283 530 344 quidam
567 286 814 331 eiciuntur.
874 284 1018 330 Levat
1054 283 1263 330 dolorem
1301 284 1511 332 dentium
1541 292 1588 332 et
1615 286 1736 333 bitu-

143 367 253 399 men
299 353 521 400 suffitum.
587 354 704 401 Item
751 354 1137 400 commanducare
1182 354 1394 415 proderit
1429 362 1737 402 mentastrum

144 422 216 469 vel
253 422 459 469 radicem
497 423 798 486 cotyledonis,
837 438 954 485 quae
991 422 1137 470 herba
1175 423 1341 470 similia
1378 424 1486 471 folia
1515 425 1738 487 cymbalis

143 492 284 539 habet
313 495 617 554 nasciturque
648 494 746 540 fere
777 495 826 539 in
856 493 1115 553 parietibus
1145 493 1330 540 umidis.
1385 493 1603 556 Pyrethri
1625 509 1737 556 quo·
1759 507 1780 539 5

145 577 236 623 que
279 563 411 609 radix
453 563 836 610 commanducata
880 563 1134 610 multorum
1182 562 1350 610 levavit
1393 563 1600 610 dolorem
1651 579 1738 611 nec

143 633 300 678 minus
344 632 530 679 alumen
575 633 738 680 fissum
781 632 971 679 linteolo
1018 634 1167 694 spisso
1214 633 1555 680 circumdatum
1592 640 1640 680 et
1675 635 1740 681 ita

145 701 322 748 diutius
359 702 626 749 dolentibus
663 705 930 764 inpressum
967 702 1187 749 dentibus
1225 703 1451 750 medetur.
1509 703 1739 764 Inponere

143 786 253 817 vero
291 773 384 832 ipsi
422 772 598 819 dolenti
634 779 820 834 oportet
857 773 987 819 denti
1022 780 1174 820 totum
1214 772 1303 819 hoc
1346 773 1740 820 medicamentum

146 842 279 902 quasi
302 842 621 905 emplastrum,
644 842 768 903 quod
793 844 1040 889 conficitur
1064 844 1155 889 sic:
1185 841 1449 889 Peucedani
1476 844 1578 889 suci
1601 842 1641 888 X
1663 842 1739 905 III,
1762 855 1803 886 10

145 913 425 972 opopanacis
463 912 503 958 X
532 912 574 974 Ι,
618 914 739 959 turis
777 911 816 958 X
845 911 907 974 II,
952 927 1065 959 uvae
1103 926 1267 973 passae
1306 914 1405 958 sine
1443 914 1600 973 granis
1636 911 1676 958 X
1705 911 1740 960 Ι.

144 979 269 1027 Haec
307 983 461 1028 omnia
497 997 583 1044 per
621 997 670 1029 se
708 982 936 1029 contundi
971 981 1169 1044 iubebis,
1215 982 1382 1028 deinde
1420 997 1575 1028 ceram
1615 997 1738 1029 com-

145 1052 333 1097 misceri
371 1058 417 1098 et
454 1053 603 1099 ceroti
640 1052 777 1099 modo
816 1052 1119 1113 emplastrum
1156 1052 1271 1097 fieri.
1335 1051 1425 1098 Ubi
1462 1052 1604 1098 fuerit
1640 1066 1740 1113 gra-

143 1121 244 1166 vior
275 1120 407 1167 dolor
438 1122 605 1184 dentis,
637 1122 968 1183 auriscalpium
997 1121 1101 1167 lana
1130 1120 1260 1167 molli
1281 1121 1546 1183 involvitur,
1571 1121 1739 1168 deinde

145 1191 377 1250 tinguitur
421 1191 766 1239 ferventissimo
811 1191 912 1238 oleo
957 1198 1096 1252 atque
1141 1192 1205 1237 ita
1251 1190 1380 1237 denti
1422 1192 1741 1252 proximisque
1765 1203 1806 1235 15

145 1261 344 1320 gingivis
382 1263 739 1324 superponitur3
782 1268 890 1323 post
931 1261 1020 1308 hoe
1062 1261 1400 1307 medicamento
1439 1261 1555 1307 dens
1592 1262 1742 1322 operi-

145 1338 236 1376 tur.
295 1329 346 1375 Si
374 1333 620 1392 repetierit
650 1340 730 1378 aut
766 1332 1077 1392 permanserit
1114 1330 1245 1377 dolor
1276 1329 1420 1376 nihilo
1451 1332 1620 1393 minus,
1657 1331 1741 1377 ite-

146 1414 252 1446 rum
303 1401 634 1462 auriscalpium
681 1416 789 1448 cum
831 1401 934 1447 lana
978 1400 1237 1447 involutum
1282 1415 1337 1446 ex
1383 1400 1484 1446 oleo
1527 1400 1744 1447 candenti

147 1469 312 1516 eodem
348 1471 485 1517 modo
523 1473 687 1532 inponi
724 1472 910 1532 saepius
948 1469 1197 1532 oportebit,
1237 1470 1384 1516 donec
1423 1470 1555 1516 dolor
1592 1471 1742 1516 omnis
1846 1519 1851 1524 ,

147 1539 390 1587 adimatur.
439 1540 490 1587 Si
513 1541 698 1602 quando
723 1540 1036 1587 movebuntur
1059 1540 1237 1603 denteS,
1268 1540 1574 1586 confirmandi
1605 1549 1744 1586 erunt
1767 1553 1807 1583 20

147 1608 371 1671 alumine,
416 1625 507 1671 quo
553 1611 806 1657 infectores
854 1617 1054 1657 utuntur
1099 1616 1146 1656 et
1189 1609 1325 1656 melle
1369 1610 1545 1672 Attico,
1590 1611 1654 1656 ita
1693 1616 1743 1656 ut

148 1679 266 1725 duae
304 1686 462 1740 partes
500 1682 595 1727 sint
631 1680 795 1743 mellis,
836 1682 975 1727 tertia
1013 1679 1244 1726 aluminis.
1311 1678 1434 1725 Haec
1473 1681 1662 1725 misceri
1699 1688 1745 1726 et

146 1751 234 1795 teri
274 1756 460 1810 oportet
496 1751 546 1797 in
583 1752 820 1812 mortario,
851 1750 1017 1796 deinde
1056 1752 1104 1796 in
1141 1748 1309 1810 patella
1338 1749 1470 1795 fictili
1500 1749 1744 1811 fervefieri,

147 1827 200 1865 ut
238 1821 516 1883 spissentur,
553 1827 691 1881 atque
729 1822 794 1867 ita
831 1820 1025 1866 recondi
1060 1821 1108 1865 in
1148 1818 1357 1880 quolibet
1387 1833 1508 1881 vaso,
1545 1818 1657 1865 dum
1686 1833 1744 1865 ne

148 1903 305 1936 aeneo.
371 1889 470 1936 Hoc
508 1890 900 1937 medicamentum
942 1891 1146 1951 primum
1192 1896 1351 1935 auster
1395 1896 1467 1935 est
1511 1895 1557 1935 et
1607 1890 1745 1935 nimis
1769 1901 1809 1933 25

148 1961 428 2020 constringit
451 1960 628 2023 denteS,
659 1966 823 2021 postea
850 1961 1096 2006 remissius
1119 1959 1317 2005 videtur.
1368 1958 1584 2004 Proderit
1608 1959 1745 2004 motis

149 2027 367 2075 dentibus
401 2036 448 2075 et
477 2029 566 2076 hoc
588 2030 1000 2076 medicamentum:
1031 2029 1164 2075 Aceti
1187 2029 1403 2075 acerrimi
1426 2025 1473 2073 S
1498 2027 1531 2089 I,
1562 2027 1745 2074 cedriae

148 2095 197 2143 fr
222 2097 255 2160 I,
285 2098 501 2145 aluminis
532 2100 632 2146 fissi
660 2099 710 2147 P.
734 2099 788 2146 ΙΙ.
833 2099 1022 2146 Teritur
1053 2099 1237 2145 alumen
1267 2112 1374 2144 cum
1405 2104 1549 2159 aceto,
1581 2098 1744 2143 misce-

148 2175 227 2213 tur
272 2168 440 2215 deinde
486 2169 642 2216 cedria
687 2176 734 2216 et
778 2185 870 2216 una
915 2171 1070 2215 omnia
1113 2183 1220 2214 vaso
1276 2182 1420 2214 aeneo
1476 2175 1744 2228 coquuntur

148 2237 283 2284 taeda
319 2240 484 2299 pingui
519 2245 664 2302 mota,
710 2239 858 2286 donec
903 2241 949 2285 in
996 2238 1145 2284 mellis
1183 2237 1534 2299 spissitudinem
1573 2243 1744 2298 tempe·
1768 2249 1810 2279 3ο

148 2314 297 2354 ratam
333 2309 621 2369 redigantur.
691 2308 790 2355 Hoc
827 2309 1165 2355 medicamento
1198 2308 1238 2353 si
1269 2308 1373 2368 quis
1403 2314 1475 2352 ter
1505 2308 1553 2352 in
1585 2320 1744 2352 mense

150 2377 316 2424 dentes
361 2378 684 2441 perfricuerit,
730 2379 937 2425 dolorem
983 2391 1147 2424 eorum
1190 2391 1283 2423 non
1322 2377 1602 2436 experietur.
1675 2376 1744 2422 Ad

151 2446 362 2493 dentium
387 2448 595 2494 dolorem
619 2449 739 2495 bene
762 2449 874 2494 facit
903 2449 1052 2494 muria
1084 2461 1139 2493 ex
1169 2445 1379 2507 piscibus
1409 2445 1595 2492 lacertis
1621 2452 1744 2492 vete-

150 2515 296 2578 ribus,
336 2519 376 2563 si
414 2519 519 2579 quis
558 2533 610 2564 ea
649 2518 847 2564 subinde
887 2532 938 2563 os
977 2516 1161 2578 colluat,
1199 2515 1271 2562 vel
1307 2514 1500 2561 herbam
1530 2515 1746 2577 peducla-

263 2682 287 2720 8
317 2680 506 2722 medere.
643 2684 666 2720 9
697 2691 810 2720 vere.
937 2683 986 2719 12
1019 2678 1182 2732 ceram]
1216 2678 1374 2719 cetera.
1499 2680 1550 2717 13
1582 2676 1747 2729 empla-

152 2735 259 2777 stro.
436 2739 486 2775 16
516 2735 897 2776 medicamentum.
1015 2738 1067 2775 30
1099 2733 1380 2787 spissitudine
1410 2732 1669 2785 temperata.
