1898 3016
791 76 1172 128 —204—

103 216 153 254 77
187 203 372 251 Urticae
422 230 481 237 ——
523 204 605 267 ΙΙΙ,
657 207 742 251 iris
788 204 1052 252 Calidoniae
1102 231 1161 238 -
1209 204 1293 267 ΙΙΙ,
1342 205 1534 252 schoeni
1581 229 1640 239 *—
1687 206 1787 270 1111,

187 277 346 336 cyperi
383 301 451 308 -
481 273 564 338 III,
610 289 816 336 magmae
860 302 918 308 --
952 275 1036 337 111,
1079 275 1343 337 petrosilini
1383 302 1443 308 —
1483 274 1588 339 IIII,
1631 276 1786 323 inulae

185 344 340 407 -11,
377 346 555 406 piperis
593 345 686 391 albi
725 371 783 377 —
818 345 873 392 Il.
940 345 1074 392 Melle
1113 344 1303 406 colliges
1339 345 1454 392 haec
1493 348 1646 393 omnia
1677 348 1787 393 trita

188 421 235 461 et
265 416 414 461 uteris
444 417 667 476 oxyporio
699 417 874 476 optimo
906 416 964 462 ad
994 415 1314 477 digerendum,
1342 416 1466 462 unde
1490 418 1630 462 etiam
1653 431 1787 463 cena-

104 494 156 532 78
188 492 265 531 tus
311 499 476 545 parum
522 486 735 546 accipies.
810 485 926 532 Cum
970 492 1016 532 te
1057 487 1106 531 in
1142 485 1263 532 lecto
1301 487 1537 550 posueris,
1576 493 1786 533 ventrem
1810 498 1830 531 5

187 561 320 601 tuum
353 554 612 614 perfricans
643 555 772 601 dices
801 562 894 603 ter:
932 555 1093 617 Lupus
1127 555 1223 602 ibat
1253 570 1337 616 per
1368 557 1501 618 viam,
1536 570 1622 616 per
1653 557 1787 603 semi-

189 631 296 682 tam,
335 624 479 670 cruda
517 624 720 687 vorabat,
756 624 934 686 liquida
970 625 1179 688 bibebat3
1222 625 1466 686 physicum
1503 625 1592 672 hoc
1631 625 1687 672 ad
1724 625 1790 672 di-

24 728 36 738 ,
108 704 160 742 79
193 694 451 755 gerendum
490 694 547 740 de
586 697 907 756 experimento
945 698 1058 742 satis
1096 696 1223 743 utile.
1278 695 1493 742 Puleium
1532 702 1578 742 et
1607 702 1790 743 nastur-

193 766 318 811 cium
357 779 413 810 ex
451 779 570 825 aqua
608 765 746 811 simul
784 765 1030 812 decoctum
1067 780 1202 812 mane
1239 764 1367 829 bibe,
1413 766 1681 812 emendabis
1718 765 1793 812 vel

106 844 159 882 80
192 834 417 882 discuties
449 834 742 881 cruditatem.
802 834 1014 889 Quercus
1038 836 1200 882 viridis
1224 835 1331 882 solia
1355 850 1462 882 cum
1487 835 1596 882 salis
1627 850 1790 897 spuma
1814 850 1854 879 ιο

106 914 158 951 81
193 905 394 950 contrita
433 911 478 950 et
509 906 643 965 potui
672 905 776 951 data
808 906 1069 952 remediant
1098 906 1391 952 cruditatem.
1440 906 1642 952 Acorum
1674 905 1792 952 Pon-

189 976 336 1020 ticum
374 976 537 1020 tritum
577 989 634 1020 ex
671 989 791 1035 aqua
828 975 975 1022 calida
1013 981 1175 1036 potum
1215 990 1433 1022 mensura
1464 977 1616 1037 cyathi
1651 978 1791 1023 unius

190 1045 339 1090 ieiuni
377 1043 670 1090 stomachum
707 1045 859 1092 reficit
897 1045 1126 1092 cruditate
1165 1045 1370 1107 depulsa.

107 1123 160 1161 82
333 1112 431 1175 His,
464 1115 544 1174 qui
573 1128 660 1160 nec
683 1121 799 1175 potu
822 1116 1043 1161 iuvantur
1066 1129 1154 1161 nec
1178 1115 1282 1162 cibo
1308 1121 1354 1161 et
1378 1115 1606 1161 stomachi
1628 1122 1793 1162 ructus

191 1197 374 1229 amaros
411 1184 670 1245 patiuntur,
709 1190 1022 1246 centauream,
1060 1184 1106 1231 id
1146 1192 1218 1231 est
1248 1184 1310 1230 fel
1341 1191 1507 1247 terrae,
1545 1187 1793 1232 contritam
1817 1196 1858 1228 15

193 1253 249 1299 ad
275 1267 542 1299 mensuram
566 1253 746 1299 denarii
769 1256 979 1315 argentei
1002 1270 1056 1300 ex
1082 1269 1227 1315 aquae
1252 1254 1426 1302 calidae
1444 1255 1621 1316 cyathis
1641 1254 1794 1302 tribus

191 1322 441 1369 bibendam
469 1324 640 1369 ieiunis
670 1338 756 1384 per
778 1325 987 1371 triduum
1012 1324 1156 1382 dabis,
1189 1326 1343 1372 statim
1368 1324 1647 1372 discutietur
1669 1326 1794 1372 infir-

108 1401 161 1439 83
191 1394 343 1439 mitaS.
383 1393 559 1439 Sucum
584 1393 800 1456 absinthi,
826 1409 963 1455 quem
988 1394 1154 1441 Graeci
1177 1394 1344 1456 chylon
1362 1394 1598 1442 absinthiu
1615 1402 1797 1455 vocant,

194 1463 425 1510 avellanae
471 1464 790 1523 magnitudine
835 1467 882 1510 in
930 1479 1076 1526 aquae
1123 1464 1297 1511 calidae
1349 1467 1585 1526 quartario
1633 1465 1794 1512 biben-

194 1533 303 1579 dum
344 1533 400 1579 da
430 1534 609 1596 ieiun03
641 1540 949 1595 componetur
988 1535 1257 1581 stomachus
1296 1541 1341 1581 et
1379 1535 1692 1595 adpetentiam
1730 1537 1792 1582 ci·
1817 1547 1858 1578 20

193 1602 363 1648 borum
399 1602 609 1666 habebit,
648 1605 860 1665 quisquis
898 1606 1103 1664 patietur
1141 1619 1196 1650 ex
1234 1605 1503 1651 infirmitate
1541 1605 1793 1653 fastidium.

109 1682 163 1719 84
336 1671 622 1734 Oxyporium
660 1676 832 1720 mirum
871 1674 1189 1721 Neronianum
1226 1676 1452 1721 aestivum
1498 1681 1545 1721 et
1580 1675 1794 1738 hiemale,

194 1743 235 1788 si
265 1743 307 1788 ei
340 1757 447 1788 cum
478 1743 683 1790 volueris
714 1745 890 1805 piperis
921 1744 1095 1804 aliquid
1127 1744 1369 1807 adieceris,
1401 1745 1524 1805 quod
1557 1745 1794 1792 fastidium

195 1812 424 1859 stomachi
461 1827 814 1874 marcoremque
854 1814 1076 1876 detergit,
1121 1815 1370 1861 conficitur
1415 1817 1502 1862 sic:
1554 1815 1607 1861 In
1650 1818 1794 1862 musti

194 1884 400 1928 recentis
438 1888 484 1928 et
523 1883 672 1930 dulcis
704 1885 869 1944 congio
902 1899 957 1930 ex
989 1886 1090 1930 uvis
1121 1884 1237 1931 albis
1268 1885 1379 1931 facti
1409 1892 1548 1946 atque
1578 1887 1626 1931 in
1658 1885 1794 1932 ollam
1817 1897 1858 1928 25

194 1952 416 2012 grandem
454 1955 594 1999 missi*
626 1953 861 2000 adduntur
899 1954 1103 2016 cydonea
1141 1953 1177 1998 V
1216 1969 1310 2001 non
1347 1961 1543 2021 purgata
1580 1955 1794 2002 totidem-

196 2036 286 2083 que
324 2022 442 2068 mala
479 2022 677 2086 Punica,
722 2023 908 2070 additur
946 2030 992 2070 et
1030 2023 1278 2071 sorborum
1315 2030 1607 2071 maturorum
1645 2031 1793 2071 sexta-

195 2093 296 2138 rius
335 2098 381 2138 et
418 2092 533 2139 rhus
573 2093 751 2155 Syriaci
789 2096 1041 2155 sextarius,
1080 2096 1208 2140 croci
1245 2094 1493 2155 scripulus.
1558 2094 1682 2140 Haec
1720 2109 1794 2141 co-

196 2169 408 2223 quuntur
446 2177 596 2224 usque
635 2164 691 2210 ad
730 2164 1089 2210 crassitudinem
1126 2163 1298 2227 mellis,
1345 2170 1507 2225 postea
1546 2164 1793 2225 diligenter

196 2232 432 2295 colantur;
462 2235 722 2294 repositum
753 2234 1042 2281 medicamen
1074 2239 1285 2281 servatur
1315 2235 1364 2279 in
1394 2235 1512 2280 vitro
1545 2236 1792 2297 signatum,
1815 2247 1856 2277 30

197 2302 279 2348 sed
318 2305 507 2349 omnino
546 2303 794 2364 diligenter
833 2303 1056 2365 colatum,
1099 2309 1152 2351 ut
1197 2310 1492 2350 excrementa
1530 2307 1683 2350 omnia
1722 2319 1791 2351 se-

195 2378 446 2435 parentur3
483 2373 592 2420 inde
631 2374 767 2421 datur
805 2375 961 2420 ieiuno
998 2373 1137 2435 ligula
1168 2373 1304 2434 plena
1335 2373 1534 2434 grandis.
1591 2373 1688 2420 Hoc
1721 2381 1793 2421 est

197 2445 486 2505 oxyporium,
518 2444 642 2504 quod
674 2444 797 2490 Nero
828 2443 1048 2491 utebatur
1079 2443 1134 2490 ad
1166 2443 1487 2505 digestionem,
1519 2444 1643 2504 quod
1674 2443 1791 2491 Mar-

197 2511 341 2559 cellus
378 2514 589 2560 medicus
628 2515 844 2575 egregius
883 2513 1099 2576 ostendit,
1137 2512 1261 2573 quod
1300 2519 1346 2559 et
1383 2527 1468 2559 nos
1506 2529 1595 2560 usu
1626 2513 1790 2574 proba-

342 2679 360 2715 1
395 2674 654 2718 calidoniae.
771 2675 931 2718 scoeni.
1056 2679 1078 2716 7
1112 2673 1249 2716 bibat.
1372 2678 1396 2716 8
1429 2674 1789 2728 experimentum.

198 2734 247 2770 13
279 2729 447 2773 refecit.
568 2735 618 2772 18
648 2730 909 2773 absentium.
1011 2734 1063 2772 28
1094 2731 1139 2772 et
1167 2730 1289 2784 rhus]
1322 2729 1475 2772 tribus,
1564 2730 1790 2784 soripolus.
