1930 3008
731 117 1110 168 —369—

50 242 54 243 ⁷
116 245 383 294 drachmam
414 245 446 308 Ι,
477 247 654 308 piperis
676 246 800 307 nigri
826 244 1091 292 drachmam
1115 244 1150 307 I,
1180 259 1362 306 myrrae
1387 245 1653 292 drachmam
1677 245 1711 308 Ι,

24 327 25 378 j
115 330 248 363 rosae
286 316 442 362 aridae
480 315 747 363 drachmam
782 314 823 375 Ι,
868 316 951 361 iris
989 316 1136 375 pistae
1175 314 1442 362 drachmam
1480 314 1518 377 l,
1561 315 1710 377 adipis

51 403 53 405 ¹
115 387 357 433 anserinae
389 385 655 432 drachmam
686 385 719 447 I,
757 384 906 446 adipis
936 384 1215 445 gallinaceae
1246 384 1514 431 drachmam
1546 384 1579 446 Ι,
1617 399 1710 431 am-

114 457 316 502 moniaci
338 455 605 502 drachmam
628 454 662 517 Ι,
694 456 844 501 casiae
867 454 999 501 rufae
1023 454 1291 501 drachmam
1314 453 1346 517 Ι,
1371 456 1490 501 turis
1514 454 1711 501 masculi

46 554 53 570 ,-
70 537 92 569 ⁶
116 525 382 572 drachmam
406 525 439 586 Ι,
471 531 627 586 guttae
650 525 926 571 ammoniaci
949 523 1215 571 drachmam
1239 523 1272 587 Ι,
1298 523 1471 570 herbae
1495 526 1710 571 monoeci

113 594 378 642 drachmam
409 594 442 657 Ι,
473 600 605 641 rutae
637 594 870 641 silvaticae
904 593 1170 640 drachmam
1193 593 1226 655 Ι,
1257 594 1516 655 peucedani
1545 594 1708 640 drach—

111 679 233 711 mam
272 663 312 728 Ι,
357 664 618 725 aphronitri
655 663 921 711 drachmam
952 663 992 727 Ι,
1038 665 1165 710 croci
1202 663 1469 710 drachmam
1502 663 1542 726 Ι,
1587 666 1708 711 turis

110 733 297 795 pollinis
341 733 608 781 drachmam
646 733 686 796 Ι,
731 733 1063 795 staphisagriae
1112 733 1380 780 drachmam
1418 733 1460 794 Ι,
1506 735 1708 780 castorei

24 843 27 867 ;
50 811 51 814 ’
111 803 377 850 drachmam
402 803 434 865 Ι,
465 804 600 850 nucis
623 817 803 849 amarae
830 803 1098 850 drachmam
1121 803 1154 866 Ι,
1179 805 1358 850 cuateri
1381 803 1647 850 drachmam
1672 802 1707 866 Ι,

23 871 27 882 ³
69 885 90 918 o
110 874 292 919 resinae
316 872 657 919 terebinthinae
681 872 949 919 drachmam
972 872 1005 934 Ι,
1030 875 1190 934 oesypi
1213 873 1480 919 drachmam
1503 873 1535 919 Ι.
1577 872 1706 927 Quae

24 943 27 951 ³
109 941 347 990 tundenda
378 948 518 989 erunt
547 942 716 989 tundes
747 949 794 988 et
824 941 1075 1004 cribrabis3
1106 957 1224 1003 quae
1255 942 1534 989 remittenda
1566 948 1707 990 erunt

24 1007 27 1060 ἒ
109 1011 235 1059 lento
266 1014 373 1073 igne
403 1011 674 1073 liquesacies
712 1018 758 1059 et
795 1012 942 1058 colata
973 1012 1193 1059 miscebis
1224 1018 1271 1059 et
1303 1011 1544 1073 emplastri
1573 1026 1704 1059 more

53 1076 57 1078 ‘
111 1096 218 1129 cum
255 1097 372 1142 opus
411 1084 500 1128 erit
538 1083 699 1128 uteris.

249 1150 528 1198 Fomentum
572 1151 628 1198 ad
674 1151 925 1212 podagram
970 1153 1057 1198 sic:
1102 1150 1252 1198 Fabae
1295 1152 1456 1211 nigrae
1493 1153 1702 1212 integrae
1737 1160 1788 1198 13

69 1234 88 1265 5
110 1223 363 1268 sextarium
394 1221 539 1267 moles
571 1227 617 1268 et
646 1223 693 1267 in
725 1221 919 1267 farinam
951 1221 1136 1282 rediges
1167 1235 1271 1267 cum
1305 1220 1560 1267 corticibus
1591 1222 1703 1283 suis,

23 1285 27 1295 ’
109 1291 166 1337 de
203 1290 354 1351 lapide
394 1291 678 1352 sarcophago
716 1292 903 1338 unciam
939 1290 959 1336 Ι
999 1291 1168 1337 tundes
1214 1297 1260 1337 et
1297 1290 1525 1337 cribrabis
1563 1296 1610 1337 et
1648 1305 1704 1336 ex

23 1390 26 1423 ξ
108 1375 225 1422 aqua
269 1360 424 1422 tepida
469 1360 774 1421 permiscebis
818 1366 958 1421 atque
1003 1362 1050 1406 in
1094 1375 1299 1422 pannum
1337 1360 1582 1407 inductum
1619 1361 1703 1406 im-

22 1438 49 1485 i?
106 1444 254 1491 pones
291 1430 490 1491 pedibus
529 1436 575 1476 et
611 1429 833 1491 alligabis.

245 1499 519 1546 Remedium
550 1500 606 1546 ad
636 1500 901 1562 podagram,
940 1514 1031 1561 quo
1061 1514 1147 1560 pro
1179 1514 1324 1560 acopo
1355 1499 1581 1546 utendum
1613 1506 1699 1562 est,
1733 1508 1787 1545 14

55 1613 57 1615 .
106 1570 195 1616 sic:
235 1569 342 1616 Sevi
377 1569 548 1616 hircini
585 1569 823 1632 selibram,
861 1583 995 1616 cerae
1034 1568 1272 1632 selibram,
1310 1571 1428 1630 picis
1467 1569 1700 1631 selibram,

105 1640 226 1685 turis
263 1639 456 1685 masculi
492 1641 655 1685 uncias
684 1639 759 1701 111,
798 1639 946 1700 adipis
977 1641 1164 1686 ursinae
1198 1664 1262 1671 —-
1293 1639 1369 1701 ΙΙΙ,
1407 1639 1499 1685 olei
1529 1641 1700 1685 veteris

105 1710 267 1755 uncias
304 1715 421 1770 tres,
464 1708 555 1755 olei
590 1710 699 1755 irini
736 1711 898 1755 uncias
935 1708 1019 1769 III,
1065 1708 1173 1755 salis
1211 1710 1488 1756 ammoniaci
1528 1734 1588 1741 -—
1622 1708 1700 1771 ΙΙΙ,

23 1816 25 1843 ἦ
104 1780 329 1839 axungiae
360 1779 531 1825 veteris
563 1778 794 1840 selibram,
824 1778 1052 1825 medullae
1083 1780 1297 1825 cervinae
1328 1804 1387 1811 —
1415 1778 1492 1841 ΙΙΙ,
1522 1777 1699 1825 medul-

24 1854 47 1860 ”
104 1847 174 1894 lae
211 1850 423 1894 taurinae
451 1873 510 1881 —
539 1847 615 1909 ΙΙΙ,
645 1848 793 1909 adipis
818 1850 1060 1894 anserinae
1085 1874 1151 1880 —
1175 1847 1251 1910 ΙΙΙ,
1282 1848 1530 1895 lenticulae
1558 1863 1698 1909 supra

48 1919 82 1975 '¹5
105 1931 271 1978 aquam
295 1924 428 1963 natae
455 1943 513 1950 —
541 1917 617 1979 ΙΙΙ,
648 1919 768 1964 aceti
791 1916 839 1964 8
863 1917 917 1964 ΙΙ.
962 1917 1086 1964 Haec
1118 1919 1271 1964 omnia
1299 1918 1547 1979 diligenter
1569 1918 1696 1965 lento

105 1988 212 2047 igne
243 1986 491 2047 liquefacta
523 1992 569 2043 et
591 1986 738 2033 colata
762 1987 988 2034 recondes
1020 1994 1067 2033 et
1097 2002 1203 2034 cum
1227 2002 1346 2048 opus
1369 1988 1512 2034 fuerit
1535 1989 1698 2034 uteris,

32 2103 43 2113 „
243 2056 311 2102 Ad
356 2056 606 2117 podagram
651 2064 698 2103 et
743 2071 993 2103 nervorum
1037 2057 1220 2103 dolores
1274 2064 1320 2103 et
1364 2058 1600 2118 parotidas
1653 2063 1700 2104 et
1732 2065 1784 2104 15

30 2116 37 2128 ’
105 2140 408 2173 mammarum
441 2126 674 2188 duritiem,
714 2141 852 2187 quam
883 2132 930 2172 et
959 2126 1180 2173 mulieres
1213 2133 1259 2173 et
1288 2128 1376 2173 viri
1406 2128 1502 2187 pati
1533 2126 1698 2188 solent,

31 2196 42 2222 ‘i
104 2195 364 2242 remedium
403 2197 494 2243 sic:
534 2195 658 2242 Picis
695 2195 939 2242 Hibericae
978 2197 1027 2242 P.
1059 2196 1098 2258 Ι,
1137 2196 1245 2242 salis
1282 2197 1537 2259 heminam,
1575 2196 1700 2242 faeni

105 2267 260 2325 graeci
297 2265 470 2311 farinae
501 2265 748 2327 heminam,
785 2267 869 2312 iris
892 2291 960 2298 ——
983 2265 1058 2328 Ill,
1091 2280 1224 2312 cerae
1257 2265 1488 2312 selibram.
1539 2265 1699 2311 Picem

46 2359 47 2362 =
104 2336 236 2395 prius
282 2349 474 2398 coques,
519 2341 572 2381 ut
616 2337 903 2397 remittatur3
948 2335 1114 2381 deinde
1160 2335 1364 2396 singulas
1409 2349 1486 2381 res
1523 2335 1697 2381 adicies

105 2410 152 2450 et
195 2419 369 2465 coques
414 2419 466 2451 ac
510 2405 806 2465 postmodum
851 2405 1025 2452 colabis
1070 2411 1117 2453 et
1152 2412 1386 2466 tamquam
1425 2404 1697 2466 malagmate

105 2488 212 2520 cum
249 2488 366 2534 opus
405 2473 547 2520 suerit
584 2476 744 2520 uteris.

24 2540 43 2598 ῗ,
243 2542 375 2590 Potio
413 2544 468 2590 ad
498 2543 749 2604 podagram
780 2553 827 2591 et
856 2558 1107 2591 nervorum
1138 2543 1335 2601 dolores,
1374 2558 1512 2605 quam
1543 2543 1695 2604 pridie
1729 2552 1781 2590 16

22 2602 82 2667 [5
105 2627 198 2659 non
238 2615 454 2660 coenanti
490 2627 575 2674 per
613 2614 730 2660 duos
768 2615 1015 2660 continuos
1054 2628 1238 2660 menses
1276 2616 1434 2660 ieiuno
1474 2613 1529 2660 ad
1560 2615 1695 2660 nucis

247 2765 297 2802 16
328 2760 477 2814 lapide
512 2761 805 2817 sarcophago]
838 2762 890 2814 cf.
918 2760 1022 2804 Cels.
1047 2761 1119 2814 IV,
1145 2765 1195 2802 31
1221 2773 1268 2814 p.
1294 2764 1372 2804 158
1398 2760 1456 2803 D.

187 2838 435 2879 MARCELLUS,
458 2846 519 2869 EI).
542 2838 784 2870 Hnmmmen.
1391 2835 1444 2871 24
