1898 3016
134 273 160 310 8

1764 101 1767 123 Ι

792 166 852 174 -
932 139 1030 189 156
1104 103 1205 175 -'

329 264 732 330 Medicamentum,
771 267 894 327 quod
931 281 1017 327 per
1054 266 1323 314 cocliarium
1361 267 1623 331 devoratur,
1662 267 1783 315 hene

189 334 300 380 facit
338 334 393 380 ad
431 341 610 382 tussem
642 335 818 382 aridam
850 342 896 382 et
928 351 1021 398 eos,
1054 338 1132 397 qui
1163 336 1414 384 difficulter
1444 338 1675 398 glutinosa
1705 352 1782 384 ex-

190 410 353 449 creant
383 410 430 450 et
451 405 713 465 praefocari
734 405 954 451 videntur
976 405 1235 469 interdum3
1266 407 1345 453 sed
1371 409 1621 468 praecipue
1643 407 1781 468 prod·
1831 436 1833 438 ·

189 478 261 519 est
283 472 372 535 his,
403 475 485 535 qui
515 474 723 520 dolorem
753 474 913 521 lateris
937 489 1045 521 cum
1067 474 1198 521 febre
1223 478 1446 538 sentiunt,
1477 491 1593 538 quos
1617 475 1782 524 Graeci

187 541 461 604 pleuriticos
505 543 688 606 dicunt3
732 543 901 590 liberat
938 545 1062 591 enim
1105 547 1231 592 omni
1266 546 1476 606 periculo
1515 560 1607 592 eos.
1681 545 1781 593 Hoc
1804 557 1828 588 5

189 612 582 658 medicamentum
633 612 800 674 Apulei
851 613 973 660 Celsi
1027 614 1115 661 fuit
1166 620 1214 661 et
1263 617 1582 676 praeceptoris
1633 617 1783 663 nostri

187 680 393 728 Valentis
430 696 517 728 nec
554 696 776 743 umquam
813 682 896 729 ulli
932 685 1062 730 vivus
1093 686 1477 745 compositionem
1510 686 1611 731 eius
1641 685 1782 748 dedit,

188 752 296 811 quia
341 751 710 811 magnitudinem
755 753 988 814 opinionis
1033 766 1089 799 ex
1138 768 1191 799 ea
1234 760 1461 818 traxerat,
1513 760 1584 800 est
1626 760 1781 801 autem

186 820 323 867 haec:
360 820 508 866 Mellis
546 821 688 867 Attici
724 821 904 884 libram,
942 823 1117 882 piperis
1154 825 1276 883 nigri
1307 823 1347 869 X
1377 823 1431 885 11,
1471 838 1652 885 myrrae
1682 829 1781 871 tro-

187 889 447 951 glodytidos
485 897 532 936 et
563 892 712 936 casiae
744 891 784 937 X
814 891 1038 953 singulos,
1076 892 1290 953 stachyos
1321 893 1455 939 nardi
1485 893 1525 939 X
1555 894 1589 955 I,
1626 895 1781 940 cinna·
1804 903 1847 934 10

187 961 331 1005 momi
373 958 700 1006 hemiobolum.
776 960 910 1014 Quod
956 963 998 1006 si
1034 975 1127 1007 non
1164 961 1385 1009 habueris
1422 964 1781 1025 cinnamomum,

186 1028 422 1089 duplicem
466 1030 637 1076 casiam
682 1031 874 1092 coicies3
919 1032 1053 1091 piper
1097 1033 1401 1078 contunditur
1445 1032 1691 1093 diligenter
1735 1038 1782 1078 et

187 1097 442 1160 cribratur,
480 1113 635 1159 myrra
672 1101 843 1146 teritur
881 1101 1103 1146 mortario
1141 1115 1416 1163 marmoreO,
1456 1109 1618 1161 postea
1654 1107 1780 1148 utra·

187 1182 276 1228 que
315 1169 364 1213 in
400 1182 546 1214 unum
584 1169 864 1231 miscentur,
909 1169 1076 1215 deinde
1121 1170 1271 1215 mellis
1316 1173 1478 1230 optimi
1519 1171 1782 1231 despumati

186 1237 389 1283 adicitur
427 1243 653 1297 quantum
692 1238 906 1300 sufficiat,
950 1244 1003 1284 ut
1042 1240 1103 1284 sit
1131 1239 1555 1300 pseudoliquidum.
1603 1239 1781 1287 Dantur
1804 1251 1845 1283 15

185 1306 294 1352 inde
339 1308 530 1352 tussicis
576 1306 792 1353 cocliaria
838 1309 978 1368 quina
1023 1307 1095 1354 vel
1147 1322 1279 1371 sena,
1330 1309 1591 1369 pleuriticis
1643 1311 1781 1356 etiam

184 1375 319 1436 plura
358 1381 404 1422 et
442 1377 642 1438 saepius,
681 1376 762 1422 sed
793 1376 1051 1439 intervallo,
1089 1377 1178 1423 hoc
1216 1385 1288 1424 est
1324 1393 1417 1425 non
1457 1380 1595 1425 simul
1629 1381 1781 1426 omnia

185 1446 286 1491 dari
330 1451 517 1506 oportet
561 1452 608 1491 et
645 1452 744 1492 tum
782 1448 995 1509 maxime,
1034 1461 1140 1493 cum
1186 1449 1395 1494 tussiunt
1439 1454 1485 1495 et
1521 1449 1782 1510 praefocari

184 1515 403 1562 videntur
441 1514 786 1576 difficulterque
825 1518 1005 1577 spirant
1049 1518 1144 1562 sive
1183 1519 1321 1563 etiam
1360 1533 1452 1564 non
1490 1520 1698 1565 tussiunt
1734 1525 1782 1564 et

183 1584 350 1645 flegma
394 1583 484 1630 illis
529 1586 729 1631 interius
774 1587 1012 1648 coquitur,
1058 1586 1158 1631 dari
1195 1586 1355 1648 debet,
1400 1589 1616 1647 protinus
1654 1589 1778 1634 enim
1802 1598 1843 1628 20

184 1654 418 1715 excreant,
449 1668 567 1714 quae
591 1653 792 1717 obstant,
824 1660 870 1701 et
899 1657 1148 1701 transitum
1180 1657 1374 1715 spiritus
1405 1656 1576 1703 habent
1607 1664 1653 1704 et
1683 1663 1779 1704 tus-

183 1725 276 1769 sire
316 1718 551 1770 desinunt.

323 1792 534 1839 Alterum
571 1793 963 1840 medicamentum
1001 1793 1057 1839 ad
1095 1799 1273 1840 tussem
1312 1795 1488 1841 aridam
1532 1795 1780 1842 conficitur

184 1864 274 1909 sic:
311 1860 533 1910 Nasturci
570 1864 760 1909 animati
797 1864 988 1909 seminis
1030 1865 1229 1926 unciam,
1268 1863 1429 1911 alterci
1466 1866 1657 1911 seminis
1694 1879 1779 1912 un-

183 1934 322 1994 ciam,
368 1934 445 1993 opi
483 1931 592 1995 XI,
638 1946 819 1994 myrrae
868 1934 1176 1995 semunciam,
1222 1933 1415 1980 sulfuris
1458 1935 1550 1980 vivi
1594 1943 1842 1981 semun-25

183 2002 323 2062 ciam,
367 2003 545 2062 piperis
590 2001 681 2047 albi
724 2004 924 2049 unciam.
996 2002 1130 2048 Melle
1177 2002 1411 2063 colligitur
1454 2004 1542 2050 hoc
1578 2004 1778 2050 medica·

182 2077 413 2134 mentum,
459 2071 596 2117 datur
635 2071 764 2118 fabae
802 2072 1108 2133 Aegyptiacae
1149 2072 1469 2132 magnitudine
1494 2087 1562 2119 ‘ex
1600 2073 1777 2134 cyathis

181 2154 327 2200 aquae
365 2139 539 2187 calidae
576 2140 730 2187 tribus
767 2143 816 2187 in
853 2147 1052 2188 noctem.
1111 2140 1242 2188 Facit
1275 2148 1430 2188 autem
1461 2142 1548 2188 hoc
1579 2143 1776 2188 medica-

179 2216 392 2256 mentum
430 2215 477 2256 et
513 2210 568 2256 ad
607 2209 767 2256 lateris
805 2210 1014 2257 dolorem
1052 2217 1098 2257 et
1135 2211 1191 2256 ad
1226 2211 1454 2257 stomachi
1489 2211 1776 2258 inflationem

180 2280 578 2342 gravidinemque,
615 2279 831 2326 coeliacis
869 2295 1076 2343 quoque,
1115 2281 1196 2340 qui
1234 2280 1387 2328 subito
1425 2282 1643 2327 universa
1680 2281 1772 2328 dei·
1797 2293 1839 2322 ³0

181 2350 325 2411 ciunt,
370 2349 563 2410 prodest
607 2355 654 2395 et
691 2349 863 2396 dolenti
919 2350 1267 2411 superpositum
1317 2349 1389 2396 vel
1434 2351 1774 2397 circumdatum

181 2417 311 2465 denti
359 2425 406 2465 et
450 2420 491 2464 si
535 2433 703 2465 exesus
749 2425 840 2481 est,
884 2421 932 2465 in
971 2433 1216 2465 cavernam
1255 2421 1356 2465 eius
1392 2421 1621 2466 insertum
1659 2419 1773 2466 utile

180 2494 270 2548 est3
309 2493 551 2549 praeterea
589 2489 644 2534 ad
682 2488 903 2534 horrores
941 2488 1117 2534 febrem
1148 2488 1498 2551 praecedentes,
1536 2504 1653 2550 quae
1685 2491 1772 2536 cir-

180 2558 359 2602 cuitum
396 2557 556 2620 habet,
594 2558 753 2604 datum
791 2564 895 2604 ante
940 2558 1103 2603 horam
1149 2559 1430 2604 accessionis
1471 2558 1771 2605 utilissimum

291 2721 315 2757 2
347 2717 602 2769 gluttinosa.
676 2722 700 2759 5
731 2718 990 2771 periculum.
1064 2721 1089 2758 9
1119 2718 1440 2762 trocloditidos.
1521 2724 1574 2762 20
1595 2720 1768 2762 fleuma.

178 2775 229 2813 21
263 2771 443 2814 obstant
472 2772 690 2816 Sambon:
720 2775 888 2826 optant.
1002 2772 1228 2816 transitus.
1345 2779 1398 2816 24
1427 2776 1632 2818 nastorci.
