1898 3016
98 250 149 287 25

98 737 149 774 26

95 878 149 914 27

97 1223 149 1260 28

97 1363 148 1401 29

97 1782 150 1819 30

97 1991 149 2028 31

99 2408 151 2446 32

807 112 1147 161 -66-

180 239 527 287 incumbentem
575 239 842 301 epiphoram
889 240 1127 287 discuties
1202 238 1249 285 Si
1293 240 1494 300 impetus
1533 240 1774 288 oculorum

181 311 410 372 eruperit,
448 309 717 356 huiusmodi
754 310 1012 356 remedium
1052 309 1295 355 confestim
1335 309 1596 356 adhibebis:
1645 311 1776 357 Atra·

179 381 327 425 menti
376 380 584 426 sutoricii
636 403 694 411 -
736 378 756 424 Ι
802 380 846 424 in
894 393 1058 440 aquam
1109 377 1327 425 mundam
1366 378 1591 426 defundes
1635 380 1776 442 idque

181 450 352 495 acriter
397 449 578 495 fervere
629 449 791 510 facies,
846 455 941 494 tum
989 449 1192 510 operies,
1246 456 1297 494 ut
1342 449 1496 495 fervor
1539 449 1778 510 paululum

183 520 507 580 conquiescat,
554 526 691 578 atque
737 517 818 563 uhi
861 518 1096 564 modicum
1142 519 1416 580 intepuerit,
1461 520 1507 564 in
1555 518 1778 565 concham
1822 528 1843 560 5

181 588 479 634 transfundes
524 587 682 647 ibique
729 587 892 633 faciem
940 587 1181 647 demerges
1228 593 1274 633 et
1319 587 1478 634 oculos
1531 589 1780 649 patefacies

179 660 299 704 intra
332 659 479 719 ipsam
512 671 699 719 aquam3
735 656 974 717 paululum
1006 657 1193 717 quidem
1225 657 1529 719 admordebit,
1568 658 1647 704 sed
1679 673 1780 705 cer-

181 729 362 774 tissimo
402 728 721 788 experimento
761 726 969 773 dolorem
1006 726 1354 773 incumbentem
1394 733 1582 773 avertet.
1650 727 1778 774 Colo-

181 798 294 843 fonii
326 797 559 843 modicum
589 797 835 857 phoenicio
866 796 1005 857 inliga
1037 803 1084 842 et
1115 795 1230 843 collo
1261 796 1499 857 lippientis
1532 797 1780 860 suspende,

181 868 336 914 statim
383 866 606 928 proderit.
679 866 895 912 Dolorem
942 866 1182 912 oculorum
1221 872 1273 912 ut
1310 881 1429 912 anno
1467 868 1650 927 integro
1687 881 1780 914 non
1805 876 1845 907 ¹0

178 938 390 999 patiaris,
438 951 543 982 cum
589 937 793 997 primum
840 937 1014 982 cerasia
1062 941 1200 982 erunt
1237 936 1402 982 idonea
1441 938 1563 998 esui,
1617 937 1663 982 id
1709 943 1780 983 est

181 1007 314 1068 quasi
351 1012 547 1067 matura,
585 1005 640 1051 de
680 1005 831 1052 tribus
870 1007 1060 1052 cerasiis
1099 1005 1277 1067 lapillos
1315 1006 1571 1066 pertundes
1610 1012 1656 1052 et
1695 1006 1778 1052 Ga-

180 1076 336 1122 ditano
376 1075 468 1122 lino
508 1077 685 1121 inserto
717 1090 801 1135 pro
839 1075 1126 1136 phylacterio
1157 1077 1320 1138 uteris,
1358 1082 1463 1121 voto
1494 1077 1625 1136 prius
1657 1076 1778 1122 facto

180 1152 342 1193 contra
377 1145 520 1202 solem
553 1146 794 1207 orientem,
835 1145 957 1206 quod
990 1159 1044 1190 eo
1076 1159 1195 1190 anno
1227 1146 1403 1191 cerasia
1434 1159 1527 1191 non
1559 1147 1622 1191 sis
1654 1160 1778 1192 man·

181 1215 450 1261 ducaturus.
504 1213 721 1277 Herbam,
753 1229 870 1275 quae
895 1214 1152 1275 appellatur
1175 1215 1484 1276 peristereon,
1515 1214 1777 1277 discoqueS,
1803 1223 1842 1254 15

181 1291 233 1332 ut
279 1285 533 1346 madescat,
580 1298 634 1331 ex
681 1298 798 1345 aqua
845 1284 1030 1330 fontana
1076 1283 1129 1329 ad
1177 1286 1338 1330 tertias
1385 1291 1430 1330 et
1474 1284 1581 1330 inde
1621 1284 1780 1331 oculos

182 1354 358 1401 fovebis
396 1356 574 1415 impetu
614 1353 897 1400 laborantes:
943 1355 1064 1400 intra
1108 1353 1316 1399 triduum
1362 1353 1647 1414 persanabis.
1706 1353 1779 1399 Vi-

180 1425 346 1471 tandae
383 1430 611 1485 perpetuo
650 1423 942 1484 lippitudinis
981 1425 1127 1484 gratia
1167 1423 1375 1484 observa,
1414 1430 1466 1470 ut
1504 1438 1527 1469 a
1560 1422 1655 1470 Kal.
1686 1423 1779 1470 Ian.

182 1508 235 1541 eo
274 1501 505 1556 tempore,
545 1508 636 1555 quo
674 1493 770 1539 Kal.
811 1493 920 1539 solis
958 1493 1032 1538 die
1071 1493 1265 1555 fuerint,
1305 1494 1441 1539 etiam
1480 1493 1593 1539 hora
1633 1495 1780 1554 prima

180 1563 251 1610 vel
297 1570 455 1609 octava
503 1570 549 1610 et
593 1563 815 1623 deinceps
861 1562 948 1608 alio
995 1562 1068 1608 die
1116 1562 1226 1608 solis
1272 1571 1317 1608 et
1362 1565 1500 1608 tertio
1548 1563 1658 1609 solis
1705 1563 1778 1609 die
1805 1571 1845 1602 20

184 1633 398 1680 similiter
437 1632 627 1694 collyrio
666 1634 799 1679 tenui
831 1634 1087 1692 inungariS,
1126 1638 1226 1678 tum
1257 1646 1511 1678 conversus
1543 1632 1598 1678 ad
1631 1634 1781 1678 orien-

180 1709 275 1750 tem
320 1702 506 1763 rogabis
552 1703 710 1763 deum,
756 1712 808 1749 ut
853 1717 906 1748 eo
953 1716 1072 1747 anno
1120 1701 1276 1747 dolere
1323 1701 1482 1748 oculos
1531 1709 1637 1748 tuos
1689 1717 1782 1748 non

183 1774 316 1819 sinat.
370 1772 485 1819 Cum
510 1774 711 1834 primum
742 1772 1042 1818 hirundinem
1068 1771 1271 1817 audieris
1295 1778 1374 1817 aut
1398 1771 1583 1834 videris,
1611 1773 1781 1818 tacitus

181 1842 287 1889 ilico
321 1841 375 1888 ad
410 1842 586 1888 fontem
618 1842 841 1888 decurres
872 1841 943 1888 vel
976 1840 1031 1887 ad
1057 1847 1251 1902 puteum
1275 1848 1320 1887 et
1347 1841 1454 1886 inde
1480 1855 1596 1902 aqua
1621 1841 1780 1888 oculos

182 1911 359 1959 fovebis
398 1918 444 1958 et
482 1911 668 1973 rogabis
701 1912 852 1973 deum,
890 1917 942 1957 ut
974 1925 1027 1956 eo
1060 1925 1178 1957 anno
1209 1925 1301 1959 non
1333 1909 1512 1973 lippias,
1551 1910 1778 1957 dolorem·
1805 1919 1844 1950 25

184 1996 273 2044 que
313 1996 498 2028 omnem
544 1981 787 2028 oculorum
832 1987 1021 2028 tuorum
1067 1981 1341 2026 hirundines
1386 1980 1611 2026 auferant.
1693 1980 1780 2026 Ex·

181 2058 368 2113 pertum
406 2051 665 2098 remedium
704 2051 759 2097 ad
794 2050 1135 2112 lippitudinem,
1173 2065 1230 2096 ne
1264 2064 1481 2110 umquam
1514 2056 1781 2112 temptetur,

183 2123 220 2168 si
260 2122 365 2183 quis
403 2121 620 2167 observet
659 2122 758 2167 sine
797 2122 1142 2167 intermissione
1181 2125 1257 2166 aut
1297 2119 1540 2181 oblivione,
1581 2126 1630 2166 ut
1668 2134 1780 2181 quo—

182 2192 304 2238 tiens
348 2190 533 2254 laverit,
579 2190 778 2237 deducta
815 2191 1029 2251 utrisque
1068 2189 1282 2236 manibus
1321 2189 1375 2234 ad
1414 2189 1556 2249 pedes
1595 2189 1780 2235 infimos

182 2275 299 2323 aqua
353 2262 509 2307 statim
561 2275 725 2307 manus
777 2260 934 2307 ambas
991 2259 1045 2305 ad
1098 2259 1257 2305 oculos
1309 2258 1481 2304 referat
1533 2264 1671 2319 atque
1723 2259 1777 2305 ad
1802 2268 1843 2298 30

183 2330 375 2391 angulos
415 2345 576 2377 eorum
616 2336 814 2391 utraque
852 2343 992 2375 manu
1030 2329 1272 2390 perfricet,
1314 2335 1360 2374 et
1397 2327 1484 2374 hoc
1524 2334 1595 2374 ter
1627 2329 1778 2375 facere

185 2399 390 2447 debebis.
475 2399 711 2446 Adversus
756 2414 944 2446 umores
990 2406 1035 2445 et
1079 2397 1259 2444 subitos
1304 2400 1490 2458 inpetus
1536 2398 1778 2444 oculorum

184 2477 230 2516 et
267 2470 514 2531 epiphoras
552 2470 733 2516 radices
771 2469 904 2515 betae
943 2470 1138 2514 maxime
1177 2469 1335 2529 nigrae
1374 2482 1428 2513 ex
1470 2482 1587 2528 aqua
1625 2468 1780 2529 tepida

298 2593 320 2630 7
352 2590 589 2642 paniolum.
735 2594 759 2630 8
791 2587 1050 2631 colofhonii.
1188 2592 1211 2629 9
1242 2586 1413 2629 fenieio.
1565 2593 1612 2628 11
1646 2588 1776 2629 essui.

186 2649 236 2685 12
269 2643 489 2686 Gaditano
519 2647 694 2698 scripsi:
724 2644 919 2697 gaitano.
1052 2648 1101 2685 13
1132 2642 1407 2696 philacterio.
1530 2647 1582 2684 22
1615 2644 1776 2685 dolore.

183 2705 236 2742 23
268 2700 537 2742 erundinem,
703 2705 756 2742 24
787 2699 918 2741 illico.
1085 2704 1138 2741 26
1170 2699 1432 2740 herundines
1595 2699 1776 2741 auferat.

184 2759 236 2797 27
267 2757 490 2798 temtetur.
