<?xml version="1.0" encoding="UTF-8"?>
<!DOCTYPE html PUBLIC "-//W3C//DTD XHTML 1.0 Transitional//EN"
    "http://www.w3.org/TR/xhtml1/DTD/xhtml1-transitional.dtd">
<html xmlns="http://www.w3.org/1999/xhtml" xml:lang="en" lang="en">
 <head>
  <title>
</title>
<meta http-equiv="Content-Type" content="text/html;charset=utf-8" />
  <meta name='ocr-system' content='tesseract 3.04.00' />
  <meta name='ocr-capabilities' content='ocr_page ocr_carea ocr_par ocr_line ocrx_word'/>
</head>
<body>
  <div class='ocr_page' id='page_1' title='image "./demedicamentisli00marcuoft_0395.png"; bbox 0 0 1930 3008; ppageno 0'>
   <div class='ocr_carea' id='block_1_1' title="bbox 71 263 112 294">
    <p class='ocr_par' dir='ltr' id='par_1_1' title="bbox 71 263 112 294">
     <span class='ocr_line' id='line_1_1' title="bbox 71 263 112 294; baseline 0 0"><span class='ocrx_word' id='word_1_1' title='bbox 71 263 112 294; x_wconf 81' lang='lat'>20</span> 
     </span>
    </p>
   </div>
   <div class='ocr_carea' id='block_1_2' title="bbox 71 610 111 641">
    <p class='ocr_par' dir='ltr' id='par_1_2' title="bbox 71 610 111 641">
     <span class='ocr_line' id='line_1_2' title="bbox 71 610 111 641; baseline 0 0"><span class='ocrx_word' id='word_1_2' title='bbox 71 610 111 641; x_wconf 83' lang='lat'>25</span> 
     </span>
    </p>
   </div>
   <div class='ocr_carea' id='block_1_3' title="bbox 71 958 112 989">
    <p class='ocr_par' dir='ltr' id='par_1_3' title="bbox 71 958 112 989">
     <span class='ocr_line' id='line_1_3' title="bbox 71 958 112 989; baseline 0 0"><span class='ocrx_word' id='word_1_3' title='bbox 71 958 112 989; x_wconf 82' lang='lat'>30</span> 
     </span>
    </p>
   </div>
   <div class='ocr_carea' id='block_1_4' title="bbox 71 1305 111 1337">
    <p class='ocr_par' dir='ltr' id='par_1_4' title="bbox 71 1305 111 1337">
     <span class='ocr_line' id='line_1_4' title="bbox 71 1305 111 1337; baseline 0.025 -1"><span class='ocrx_word' id='word_1_4' title='bbox 71 1305 111 1337; x_wconf 82' lang='lat'>35</span> 
     </span>
    </p>
   </div>
   <div class='ocr_carea' id='block_1_5' title="bbox 73 1654 115 1684">
    <p class='ocr_par' dir='ltr' id='par_1_5' title="bbox 73 1654 115 1684">
     <span class='ocr_line' id='line_1_5' title="bbox 73 1654 115 1684; baseline 0 0"><span class='ocrx_word' id='word_1_5' title='bbox 73 1654 115 1684; x_wconf 80' lang='lat'>40</span> 
     </span>
    </p>
   </div>
   <div class='ocr_carea' id='block_1_6' title="bbox 73 2000 115 2031">
    <p class='ocr_par' dir='ltr' id='par_1_6' title="bbox 73 2000 115 2031">
     <span class='ocr_line' id='line_1_6' title="bbox 73 2000 115 2031; baseline 0.024 -1"><span class='ocrx_word' id='word_1_6' title='bbox 73 2000 115 2031; x_wconf 87' lang='grc'>45</span> 
     </span>
    </p>
   </div>
   <div class='ocr_carea' id='block_1_7' title="bbox 77 2348 119 2380">
    <p class='ocr_par' dir='ltr' id='par_1_7' title="bbox 77 2348 119 2380">
     <span class='ocr_line' id='line_1_7' title="bbox 77 2348 119 2380; baseline -0.048 0"><span class='ocrx_word' id='word_1_7' title='bbox 77 2348 119 2380; x_wconf 87' lang='grc'>50</span> 
     </span>
    </p>
   </div>
   <div class='ocr_carea' id='block_1_8' title="bbox 736 118 1114 169">
    <p class='ocr_par' dir='ltr' id='par_1_8' title="bbox 736 118 1114 169">
     <span class='ocr_line' id='line_1_8' title="bbox 736 118 1114 169; baseline -0.003 -1"><span class='ocrx_word' id='word_1_8' title='bbox 736 118 1114 169; x_wconf 83' lang='lat'><strong>—383--</strong></span> 
     </span>
    </p>
   </div>
   <div class='ocr_carea' id='block_1_9' title="bbox 203 246 1731 2472">
    <p class='ocr_par' dir='ltr' id='par_1_9' title="bbox 203 246 1606 868">
     <span class='ocr_line' id='line_1_9' title="bbox 205 246 1439 310; baseline -0.003 -14"><span class='ocrx_word' id='word_1_9' title='bbox 205 248 426 310; x_wconf 82' lang='lat' dir='ltr'>Quaeque</span> <span class='ocrx_word' id='word_1_10' title='bbox 465 249 562 295; x_wconf 88' lang='lat' dir='ltr'>suis</span> <span class='ocrx_word' id='word_1_11' title='bbox 599 253 765 294; x_wconf 89' lang='lat' dir='ltr'>natura</span> <span class='ocrx_word' id='word_1_12' title='bbox 801 246 936 293; x_wconf 91' lang='lat' dir='ltr'>honis</span> <span class='ocrx_word' id='word_1_13' title='bbox 974 253 1191 307; x_wconf 86' lang='lat' dir='ltr'>terraque</span> <span class='ocrx_word' id='word_1_14' title='bbox 1229 247 1439 306; x_wconf 88' lang='lat' dir='ltr'>marique</span> 
     </span>
     <span class='ocr_line' id='line_1_10' title="bbox 203 315 1393 380; baseline -0.003 -15"><span class='ocrx_word' id='word_1_15' title='bbox 203 318 383 380; x_wconf 82' lang='lat' dir='ltr'><strong>Edidit,</strong></span> <span class='ocrx_word' id='word_1_16' title='bbox 420 317 496 364; x_wconf 92' lang='lat' dir='ltr'>illa</span> <span class='ocrx_word' id='word_1_17' title='bbox 534 318 631 364; x_wconf 88' lang='lat' dir='ltr'>suis</span> <span class='ocrx_word' id='word_1_18' title='bbox 668 316 803 363; x_wconf 82' lang='lat' dir='ltr'><strong>altrix</strong></span> <span class='ocrx_word' id='word_1_19' title='bbox 842 315 980 363; x_wconf 90' lang='lat' dir='ltr'>simul</span> <span class='ocrx_word' id='word_1_20' title='bbox 1016 322 1155 378; x_wconf 91' lang='lat' dir='ltr'>atque</span> <span class='ocrx_word' id='word_1_21' title='bbox 1193 317 1393 362; x_wconf 83' lang='lat' dir='ltr'>creatrix</span> 
     </span>
     <span class='ocr_line' id='line_1_11' title="bbox 204 385 1530 449; baseline -0.003 -14"><span class='ocrx_word' id='word_1_22' title='bbox 204 387 398 435; x_wconf 78' lang='lat' dir='ltr'>Fetibus</span> <span class='ocrx_word' id='word_1_23' title='bbox 436 388 716 449; x_wconf 82' lang='lat' dir='ltr'>omnigenis,</span> <span class='ocrx_word' id='word_1_24' title='bbox 755 400 872 448; x_wconf 89' lang='lat' dir='ltr'>quos</span> <span class='ocrx_word' id='word_1_25' title='bbox 909 387 1132 448; x_wconf 89' lang='lat' dir='ltr'>parturit,</span> <span class='ocrx_word' id='word_1_26' title='bbox 1170 399 1281 446; x_wconf 89' lang='lat' dir='ltr'>ergo</span> <span class='ocrx_word' id='word_1_27' title='bbox 1320 385 1530 432; x_wconf 84' lang='lat' dir='ltr'>salubres</span> 
     </span>
     <span class='ocr_line' id='line_1_12' title="bbox 206 455 1398 519; baseline -0.003 -14"><span class='ocrx_word' id='word_1_28' title='bbox 206 457 425 519; x_wconf 87' lang='lat' dir='ltr'>Suggerit</span> <span class='ocrx_word' id='word_1_29' title='bbox 460 458 694 518; x_wconf 90' lang='lat' dir='ltr'>impensas</span> <span class='ocrx_word' id='word_1_30' title='bbox 731 463 872 517; x_wconf 91' lang='lat' dir='ltr'>ponto</span> <span class='ocrx_word' id='word_1_31' title='bbox 911 462 957 502; x_wconf 94' lang='lat' dir='ltr'>et</span> <span class='ocrx_word' id='word_1_32' title='bbox 993 455 1160 502; x_wconf 90' lang='lat' dir='ltr'>tellure</span> <span class='ocrx_word' id='word_1_33' title='bbox 1198 461 1398 518; x_wconf 88' lang='lat' dir='ltr'>creatas,</span> 
     </span>
     <span class='ocr_line' id='line_1_13' title="bbox 204 525 1566 589; baseline -0.003 -15"><span class='ocrx_word' id='word_1_34' title='bbox 204 528 388 589; x_wconf 83' lang='lat' dir='ltr'>Angue,</span> <span class='ocrx_word' id='word_1_35' title='bbox 427 528 544 589; x_wconf 82' lang='lat' dir='ltr'>fera,</span> <span class='ocrx_word' id='word_1_36' title='bbox 580 526 782 588; x_wconf 90' lang='lat' dir='ltr'>pecude,</span> <span class='ocrx_word' id='word_1_37' title='bbox 820 526 974 587; x_wconf 86' lang='lat' dir='ltr'>fruge,</span> <span class='ocrx_word' id='word_1_38' title='bbox 1012 525 1140 588; x_wconf 89' lang='lat' dir='ltr'>alite,</span> <span class='ocrx_word' id='word_1_39' title='bbox 1178 526 1378 588; x_wconf 91' lang='lat' dir='ltr'>murice,</span> <span class='ocrx_word' id='word_1_40' title='bbox 1415 527 1566 586; x_wconf 88' lang='lat' dir='ltr'>pisce,</span> 
     </span>
     <span class='ocr_line' id='line_1_14' title="bbox 204 594 1606 660; baseline -0.003 -16"><span class='ocrx_word' id='word_1_41' title='bbox 204 597 366 660; x_wconf 83' lang='lat' dir='ltr'>Lacte,</span> <span class='ocrx_word' id='word_1_42' title='bbox 403 611 553 659; x_wconf 87' lang='lat' dir='ltr'>mero,</span> <span class='ocrx_word' id='word_1_43' title='bbox 590 597 762 659; x_wconf 89' lang='lat' dir='ltr'>pomis,</span> <span class='ocrx_word' id='word_1_44' title='bbox 799 595 1018 657; x_wconf 85' lang='lat' dir='ltr'>lymphis,</span> <span class='ocrx_word' id='word_1_45' title='bbox 1057 595 1171 658; x_wconf 91' lang='lat' dir='ltr'>sale,</span> <span class='ocrx_word' id='word_1_46' title='bbox 1209 594 1343 641; x_wconf 90' lang='lat' dir='ltr'>melle</span> <span class='ocrx_word' id='word_1_47' title='bbox 1381 601 1428 641; x_wconf 88' lang='lat' dir='ltr'>et</span> <span class='ocrx_word' id='word_1_48' title='bbox 1463 595 1606 657; x_wconf 88' lang='lat' dir='ltr'>oliv0,</span> 
     </span>
     <span class='ocr_line' id='line_1_15' title="bbox 207 664 1479 729; baseline -0.003 -15"><span class='ocrx_word' id='word_1_49' title='bbox 207 667 362 729; x_wconf 87' lang='lat' dir='ltr'>Sucis,</span> <span class='ocrx_word' id='word_1_50' title='bbox 400 666 707 728; x_wconf 79' lang='lat' dir='ltr'>unguinibuS,</span> <span class='ocrx_word' id='word_1_51' title='bbox 744 665 913 728; x_wconf 89' lang='lat' dir='ltr'>taedis,</span> <span class='ocrx_word' id='word_1_52' title='bbox 951 666 1076 729; x_wconf 89' lang='lat' dir='ltr'>pice,</span> <span class='ocrx_word' id='word_1_53' title='bbox 1113 664 1312 727; x_wconf 87' lang='lat' dir='ltr'>sulfure,</span> <span class='ocrx_word' id='word_1_54' title='bbox 1350 679 1479 728; x_wconf 92' lang='lat' dir='ltr'>cera,</span> 
     </span>
     <span class='ocr_line' id='line_1_16' title="bbox 203 734 1550 798; baseline -0.001 -16"><span class='ocrx_word' id='word_1_55' title='bbox 203 736 403 796; x_wconf 92' lang='lat' dir='ltr'>Polline,</span> <span class='ocrx_word' id='word_1_56' title='bbox 440 736 588 798; x_wconf 84' lang='lat' dir='ltr'>farre,</span> <span class='ocrx_word' id='word_1_57' title='bbox 626 735 763 798; x_wconf 85' lang='lat' dir='ltr'>fabis,</span> <span class='ocrx_word' id='word_1_58' title='bbox 800 735 916 797; x_wconf 92' lang='lat' dir='ltr'>lino,</span> <span class='ocrx_word' id='word_1_59' title='bbox 953 734 1114 798; x_wconf 90' lang='lat' dir='ltr'>scobe,</span> <span class='ocrx_word' id='word_1_60' title='bbox 1153 734 1342 794; x_wconf 87' lang='lat' dir='ltr'>vellere,</span> <span class='ocrx_word' id='word_1_61' title='bbox 1381 749 1550 798; x_wconf 91' lang='lat' dir='ltr'>cornu,</span> 
     </span>
     <span class='ocr_line' id='line_1_17' title="bbox 205 804 1318 868; baseline -0.002 -16"><span class='ocrx_word' id='word_1_62' title='bbox 205 806 337 853; x_wconf 85' lang='lat' dir='ltr'>Bacis</span> <span class='ocrx_word' id='word_1_63' title='bbox 375 812 422 852; x_wconf 90' lang='lat' dir='ltr'>et</span> <span class='ocrx_word' id='word_1_64' title='bbox 457 805 655 867; x_wconf 89' lang='lat' dir='ltr'>balanis,</span> <span class='ocrx_word' id='word_1_65' title='bbox 692 805 851 867; x_wconf 90' lang='lat' dir='ltr'>lignis,</span> <span class='ocrx_word' id='word_1_66' title='bbox 889 804 1110 868; x_wconf 86' lang='lat' dir='ltr'>carbone,</span> <span class='ocrx_word' id='word_1_67' title='bbox 1148 804 1318 867; x_wconf 82' lang='lat' dir='ltr'>favilla,</span> 
     </span>
    </p>

    <p class='ocr_par' dir='ltr' id='par_1_10' title="bbox 204 874 1525 1146">
     <span class='ocr_line' id='line_1_18' title="bbox 204 874 1525 937; baseline -0.001 -16"><span class='ocrx_word' id='word_1_68' title='bbox 204 874 420 922; x_wconf 88' lang='lat' dir='ltr'>Floribus</span> <span class='ocrx_word' id='word_1_69' title='bbox 458 881 504 921; x_wconf 92' lang='lat' dir='ltr'>et</span> <span class='ocrx_word' id='word_1_70' title='bbox 541 876 680 921; x_wconf 86' lang='lat' dir='ltr'>variis</span> <span class='ocrx_word' id='word_1_71' title='bbox 715 874 895 937; x_wconf 87' lang='lat' dir='ltr'>herbis,</span> <span class='ocrx_word' id='word_1_72' title='bbox 932 874 1092 921; x_wconf 92' lang='lat' dir='ltr'>holere</span> <span class='ocrx_word' id='word_1_73' title='bbox 1131 881 1269 935; x_wconf 90' lang='lat' dir='ltr'>atque</span> <span class='ocrx_word' id='word_1_74' title='bbox 1307 874 1525 935; x_wconf 80' lang='lat' dir='ltr'>metalliS,</span> 
     </span>
     <span class='ocr_line' id='line_1_19' title="bbox 206 944 1470 1008; baseline -0.002 -17"><span class='ocrx_word' id='word_1_75' title='bbox 206 945 414 1006; x_wconf 87' lang='lat' dir='ltr'>Sandyce</span> <span class='ocrx_word' id='word_1_76' title='bbox 453 950 499 991; x_wconf 92' lang='lat' dir='ltr'>et</span> <span class='ocrx_word' id='word_1_77' title='bbox 535 951 683 1008; x_wconf 91' lang='lat' dir='ltr'>creta,</span> <span class='ocrx_word' id='word_1_78' title='bbox 720 944 1023 1007; x_wconf 91' lang='lat' dir='ltr'>psimmytho,</span> <span class='ocrx_word' id='word_1_79' title='bbox 1060 946 1268 1006; x_wconf 89' lang='lat' dir='ltr'>pumice,</span> <span class='ocrx_word' id='word_1_80' title='bbox 1304 958 1470 1005; x_wconf 80' lang='lat' dir='ltr'>gypso,</span> 
     </span>
     <span class='ocr_line' id='line_1_20' title="bbox 205 1004 1492 1077; baseline -0.001 -16"><span class='ocrx_word' id='word_1_81' title='bbox 205 1015 413 1077; x_wconf 87' lang='lat' dir='ltr'>Cadmia,</span> <span class='ocrx_word' id='word_1_82' title='bbox 451 1014 655 1077; x_wconf 90' lang='lat' dir='ltr'>chalciti,</span> <span class='ocrx_word' id='word_1_83' title='bbox 694 1013 988 1077; x_wconf 91' lang='lat' dir='ltr'>chalcantho,</span> <span class='ocrx_word' id='word_1_84' title='bbox 1026 1004 1184 1060; x_wconf 81' lang='lat' dir='ltr'>chalco</span> <span class='ocrx_word' id='word_1_85' title='bbox 1223 1021 1268 1060; x_wconf 90' lang='lat' dir='ltr'>et</span> <span class='ocrx_word' id='word_1_86' title='bbox 1306 1014 1492 1075; x_wconf 86' lang='lat' dir='ltr'>adusto,</span> 
     </span>
     <span class='ocr_line' id='line_1_21' title="bbox 206 1083 1346 1146; baseline -0.001 -15"><span class='ocrx_word' id='word_1_87' title='bbox 206 1085 438 1132; x_wconf 90' lang='lat' dir='ltr'>Cassitero</span> <span class='ocrx_word' id='word_1_88' title='bbox 478 1084 624 1146; x_wconf 89' lang='lat' dir='ltr'>molli,</span> <span class='ocrx_word' id='word_1_89' title='bbox 661 1083 813 1145; x_wconf 90' lang='lat' dir='ltr'>lepida</span> <span class='ocrx_word' id='word_1_90' title='bbox 850 1083 1036 1146; x_wconf 88' lang='lat' dir='ltr'>Cypria,</span> <span class='ocrx_word' id='word_1_91' title='bbox 1074 1088 1346 1130; x_wconf 78' lang='lat' dir='ltr'>atramento,</span> 
     </span>
    </p>

    <p class='ocr_par' dir='ltr' id='par_1_11' title="bbox 204 1147 1681 1424">
     <span class='ocr_line' id='line_1_22' title="bbox 204 1147 1590 1218; baseline -0.001 -18"><span class='ocrx_word' id='word_1_92' title='bbox 204 1154 371 1200; x_wconf 87' lang='lat' dir='ltr'>Prome</span> <span class='ocrx_word' id='word_1_93' title='bbox 410 1155 548 1200; x_wconf 87' lang='lat' dir='ltr'>etiam</span> <span class='ocrx_word' id='word_1_94' title='bbox 588 1149 694 1218; x_wconf 86' lang='lat' dir='ltr'>(seu</span> <span class='ocrx_word' id='word_1_95' title='bbox 731 1153 876 1200; x_wconf 90' lang='lat' dir='ltr'>tunde</span> <span class='ocrx_word' id='word_1_96' title='bbox 915 1155 1045 1214; x_wconf 85' lang='lat' dir='ltr'>prius</span> <span class='ocrx_word' id='word_1_97' title='bbox 1083 1168 1166 1200; x_wconf 91' lang='lat' dir='ltr'>seu</span> <span class='ocrx_word' id='word_1_98' title='bbox 1204 1159 1394 1200; x_wconf 88' lang='lat' dir='ltr'>contere</span> <span class='ocrx_word' id='word_1_99' title='bbox 1431 1147 1590 1217; x_wconf 85' lang='lat' dir='ltr'>gyro),</span> 
     </span>
     <span class='ocr_line' id='line_1_23' title="bbox 207 1222 1681 1285; baseline -0.001 -16"><span class='ocrx_word' id='word_1_100' title='bbox 207 1223 341 1279; x_wconf 88' lang='lat' dir='ltr'>Quod</span> <span class='ocrx_word' id='word_1_101' title='bbox 379 1223 525 1270; x_wconf 91' lang='lat' dir='ltr'>viride</span> <span class='ocrx_word' id='word_1_102' title='bbox 561 1223 728 1270; x_wconf 90' lang='lat' dir='ltr'>hortus</span> <span class='ocrx_word' id='word_1_103' title='bbox 765 1222 926 1284; x_wconf 90' lang='lat' dir='ltr'>hahet,</span> <span class='ocrx_word' id='word_1_104' title='bbox 964 1222 1035 1269; x_wconf 91' lang='lat' dir='ltr'>vel</span> <span class='ocrx_word' id='word_1_105' title='bbox 1072 1223 1195 1284; x_wconf 92' lang='lat' dir='ltr'>quod</span> <span class='ocrx_word' id='word_1_106' title='bbox 1234 1224 1444 1269; x_wconf 88' lang='lat' dir='ltr'>carnaria</span> <span class='ocrx_word' id='word_1_107' title='bbox 1483 1224 1681 1285; x_wconf 90' lang='lat' dir='ltr'>siccum,</span> 
     </span>
     <span class='ocr_line' id='line_1_24' title="bbox 204 1292 1559 1355; baseline -0.001 -16"><span class='ocrx_word' id='word_1_108' title='bbox 204 1294 303 1340; x_wconf 88' lang='lat' dir='ltr'>Alia</span> <span class='ocrx_word' id='word_1_109' title='bbox 341 1292 687 1355; x_wconf 83' lang='lat' dir='ltr'>serpyllumque</span> <span class='ocrx_word' id='word_1_110' title='bbox 725 1292 893 1339; x_wconf 89' lang='lat' dir='ltr'>herbas</span> <span class='ocrx_word' id='word_1_111' title='bbox 930 1292 1286 1354; x_wconf 89' lang='lat' dir='ltr'>thymbramque</span> <span class='ocrx_word' id='word_1_112' title='bbox 1323 1292 1559 1339; x_wconf 89' lang='lat' dir='ltr'>salubrem</span> 
     </span>
     <span class='ocr_line' id='line_1_25' title="bbox 205 1361 1510 1424; baseline -0.001 -15"><span class='ocrx_word' id='word_1_113' title='bbox 205 1363 512 1424; x_wconf 89' lang='lat' dir='ltr'>Brassicaque</span> <span class='ocrx_word' id='word_1_114' title='bbox 550 1369 597 1409; x_wconf 91' lang='lat' dir='ltr'>et</span> <span class='ocrx_word' id='word_1_115' title='bbox 634 1363 863 1424; x_wconf 89' lang='lat' dir='ltr'>raphanos</span> <span class='ocrx_word' id='word_1_116' title='bbox 901 1377 953 1409; x_wconf 88' lang='lat' dir='ltr'>ac</span> <span class='ocrx_word' id='word_1_117' title='bbox 991 1362 1142 1424; x_wconf 89' lang='lat' dir='ltr'>longis</span> <span class='ocrx_word' id='word_1_118' title='bbox 1178 1361 1340 1409; x_wconf 91' lang='lat' dir='ltr'>intuba</span> <span class='ocrx_word' id='word_1_119' title='bbox 1378 1361 1510 1409; x_wconf 86' lang='lat' dir='ltr'>fibris</span> 
     </span>
    </p>

    <p class='ocr_par' dir='ltr' id='par_1_12' title="bbox 205 1432 1587 1843">
     <span class='ocr_line' id='line_1_26' title="bbox 205 1432 1558 1494; baseline -0.001 -15"><span class='ocrx_word' id='word_1_120' title='bbox 205 1433 264 1480; x_wconf 91' lang='lat' dir='ltr'>Et</span> <span class='ocrx_word' id='word_1_121' title='bbox 301 1438 503 1479; x_wconf 89' lang='lat' dir='ltr'>mentam</span> <span class='ocrx_word' id='word_1_122' title='bbox 542 1438 588 1479; x_wconf 88' lang='lat' dir='ltr'>et</span> <span class='ocrx_word' id='word_1_123' title='bbox 625 1433 776 1493; x_wconf 89' lang='lat' dir='ltr'>sinapi</span> <span class='ocrx_word' id='word_1_124' title='bbox 812 1432 1111 1479; x_wconf 90' lang='lat' dir='ltr'>coriandrum</span> <span class='ocrx_word' id='word_1_125' title='bbox 1147 1437 1558 1494; x_wconf 91' lang='lat' dir='ltr'>prototomumque</span> 
     </span>
     <span class='ocr_line' id='line_1_27' title="bbox 205 1501 1587 1564; baseline -0.001 -15"><span class='ocrx_word' id='word_1_126' title='bbox 205 1502 406 1549; x_wconf 89' lang='lat' dir='ltr'>Erucam</span> <span class='ocrx_word' id='word_1_127' title='bbox 445 1508 582 1564; x_wconf 90' lang='lat' dir='ltr'>atque</span> <span class='ocrx_word' id='word_1_128' title='bbox 621 1503 797 1564; x_wconf 89' lang='lat' dir='ltr'>apium,</span> <span class='ocrx_word' id='word_1_129' title='bbox 835 1501 1026 1548; x_wconf 87' lang='lat' dir='ltr'>malvam</span> <span class='ocrx_word' id='word_1_130' title='bbox 1065 1501 1313 1563; x_wconf 87' lang='lat' dir='ltr'>betamque</span> <span class='ocrx_word' id='word_1_131' title='bbox 1352 1501 1587 1548; x_wconf 88' lang='lat' dir='ltr'>salubrem</span> 
     </span>
     <span class='ocr_line' id='line_1_28' title="bbox 206 1571 1583 1632; baseline -0.001 -13"><span class='ocrx_word' id='word_1_132' title='bbox 206 1572 468 1632; x_wconf 85' lang='lat' dir='ltr'>Rutamque</span> <span class='ocrx_word' id='word_1_133' title='bbox 507 1578 553 1618; x_wconf 91' lang='lat' dir='ltr'>et</span> <span class='ocrx_word' id='word_1_134' title='bbox 589 1577 861 1618; x_wconf 88' lang='lat' dir='ltr'>nasturcum</span> <span class='ocrx_word' id='word_1_135' title='bbox 899 1578 945 1619; x_wconf 93' lang='lat' dir='ltr'>et</span> <span class='ocrx_word' id='word_1_136' title='bbox 983 1586 1135 1618; x_wconf 87' lang='lat' dir='ltr'>amara</span> <span class='ocrx_word' id='word_1_137' title='bbox 1174 1571 1402 1618; x_wconf 88' lang='lat' dir='ltr'>absinthia</span> <span class='ocrx_word' id='word_1_138' title='bbox 1439 1573 1583 1618; x_wconf 86' lang='lat' dir='ltr'>misce</span> 
     </span>
     <span class='ocr_line' id='line_1_29' title="bbox 207 1642 1454 1703; baseline 0 -15"><span class='ocrx_word' id='word_1_139' title='bbox 207 1642 512 1703; x_wconf 91' lang='lat' dir='ltr'>Puleiumque</span> <span class='ocrx_word' id='word_1_140' title='bbox 550 1647 716 1702; x_wconf 91' lang='lat' dir='ltr'>potens</span> <span class='ocrx_word' id='word_1_141' title='bbox 753 1656 936 1688; x_wconf 90' lang='lat' dir='ltr'>necnon</span> <span class='ocrx_word' id='word_1_142' title='bbox 975 1647 1021 1688; x_wconf 92' lang='lat' dir='ltr'>et</span> <span class='ocrx_word' id='word_1_143' title='bbox 1058 1642 1161 1688; x_wconf 93' lang='lat' dir='ltr'>lene</span> <span class='ocrx_word' id='word_1_144' title='bbox 1200 1643 1454 1688; x_wconf 90' lang='lat' dir='ltr'>cuminum.</span> 
     </span>
     <span class='ocr_line' id='line_1_30' title="bbox 205 1710 1524 1773; baseline -0.001 -15"><span class='ocrx_word' id='word_1_145' title='bbox 205 1711 410 1758; x_wconf 90' lang='lat' dir='ltr'>Palmula</span> <span class='ocrx_word' id='word_1_146' title='bbox 445 1726 532 1757; x_wconf 91' lang='lat' dir='ltr'>nec</span> <span class='ocrx_word' id='word_1_147' title='bbox 570 1711 724 1758; x_wconf 85' lang='lat' dir='ltr'>desint</span> <span class='ocrx_word' id='word_1_148' title='bbox 759 1710 946 1758; x_wconf 90' lang='lat' dir='ltr'>Idumes</span> <span class='ocrx_word' id='word_1_149' title='bbox 983 1726 1069 1758; x_wconf 90' lang='lat' dir='ltr'>nec</span> <span class='ocrx_word' id='word_1_150' title='bbox 1107 1726 1257 1772; x_wconf 89' lang='lat' dir='ltr'>pruna</span> <span class='ocrx_word' id='word_1_151' title='bbox 1293 1711 1524 1773; x_wconf 88' lang='lat' dir='ltr'>Damasci,</span> 
     </span>
     <span class='ocr_line' id='line_1_31' title="bbox 207 1781 1482 1843; baseline 0 -16"><span class='ocrx_word' id='word_1_152' title='bbox 207 1781 334 1835; x_wconf 87' lang='lat' dir='ltr'>Quae</span> <span class='ocrx_word' id='word_1_153' title='bbox 372 1795 478 1828; x_wconf 93' lang='lat' dir='ltr'>cum</span> <span class='ocrx_word' id='word_1_154' title='bbox 516 1781 763 1841; x_wconf 77' lang='lat' dir='ltr'>multiplici</span> <span class='ocrx_word' id='word_1_155' title='bbox 799 1783 1076 1828; x_wconf 86' lang='lat' dir='ltr'>contriveris</span> <span class='ocrx_word' id='word_1_156' title='bbox 1114 1781 1227 1827; x_wconf 90' lang='lat' dir='ltr'>orbe</span> <span class='ocrx_word' id='word_1_157' title='bbox 1264 1781 1482 1843; x_wconf 90' lang='lat' dir='ltr'>terendo,</span> 
     </span>
    </p>

    <p class='ocr_par' dir='ltr' id='par_1_13' title="bbox 206 1850 1614 2122">
     <span class='ocr_line' id='line_1_32' title="bbox 206 1850 1413 1912; baseline 0.001 -16"><span class='ocrx_word' id='word_1_158' title='bbox 206 1851 258 1897; x_wconf 91' lang='lat' dir='ltr'>In</span> <span class='ocrx_word' id='word_1_159' title='bbox 297 1852 467 1911; x_wconf 86' lang='lat' dir='ltr'>patinis</span> <span class='ocrx_word' id='word_1_160' title='bbox 505 1857 694 1897; x_wconf 83' lang='lat' dir='ltr'>excocta</span> <span class='ocrx_word' id='word_1_161' title='bbox 733 1850 863 1897; x_wconf 90' lang='lat' dir='ltr'>dabis</span> <span class='ocrx_word' id='word_1_162' title='bbox 902 1857 981 1897; x_wconf 87' lang='lat' dir='ltr'>aut</span> <span class='ocrx_word' id='word_1_163' title='bbox 1019 1851 1273 1912; x_wconf 88' lang='lat' dir='ltr'>grandibus</span> <span class='ocrx_word' id='word_1_164' title='bbox 1311 1851 1413 1897; x_wconf 88' lang='lat' dir='ltr'>ollis</span> 
     </span>
     <span class='ocr_line' id='line_1_33' title="bbox 209 1915 1614 1984; baseline 0.002 -20"><span class='ocrx_word' id='word_1_165' title='bbox 209 1918 401 1982; x_wconf 87' lang='lat' dir='ltr'>(Verum</span> <span class='ocrx_word' id='word_1_166' title='bbox 439 1915 681 1984; x_wconf 89' lang='lat' dir='ltr'>adoperta)</span> <span class='ocrx_word' id='word_1_167' title='bbox 721 1935 915 1984; x_wconf 89' lang='lat' dir='ltr'>coques,</span> <span class='ocrx_word' id='word_1_168' title='bbox 952 1935 1010 1966; x_wconf 93' lang='lat' dir='ltr'>ne</span> <span class='ocrx_word' id='word_1_169' title='bbox 1050 1921 1224 1967; x_wconf 87' lang='lat' dir='ltr'>fumida</span> <span class='ocrx_word' id='word_1_170' title='bbox 1261 1923 1363 1967; x_wconf 90' lang='lat' dir='ltr'>iura</span> <span class='ocrx_word' id='word_1_171' title='bbox 1401 1935 1614 1982; x_wconf 87' lang='lat' dir='ltr'>saporem</span> 
     </span>
     <span class='ocr_line' id='line_1_34' title="bbox 209 1989 1496 2053; baseline 0.001 -18"><span class='ocrx_word' id='word_1_172' title='bbox 209 1989 491 2051; x_wconf 83' lang='lat' dir='ltr'>Corruptum</span> <span class='ocrx_word' id='word_1_173' title='bbox 528 1989 745 2053; x_wconf 85' lang='lat' dir='ltr'>reddant,</span> <span class='ocrx_word' id='word_1_174' title='bbox 784 2005 921 2051; x_wconf 88' lang='lat' dir='ltr'>quem</span> <span class='ocrx_word' id='word_1_175' title='bbox 961 2004 1066 2036; x_wconf 87' lang='lat' dir='ltr'>mox</span> <span class='ocrx_word' id='word_1_176' title='bbox 1105 1990 1310 2037; x_wconf 85' lang='lat' dir='ltr'>fastidiat</span> <span class='ocrx_word' id='word_1_177' title='bbox 1347 2005 1496 2051; x_wconf 87' lang='lat' dir='ltr'>aeger.</span> 
     </span>
     <span class='ocr_line' id='line_1_35' title="bbox 207 2059 1484 2122; baseline 0.001 -17"><span class='ocrx_word' id='word_1_178' title='bbox 207 2059 335 2105; x_wconf 90' lang='lat' dir='ltr'>Adde</span> <span class='ocrx_word' id='word_1_179' title='bbox 374 2065 420 2105; x_wconf 92' lang='lat' dir='ltr'>et</span> <span class='ocrx_word' id='word_1_180' title='bbox 457 2061 729 2106; x_wconf 86' lang='lat' dir='ltr'>aromaticas</span> <span class='ocrx_word' id='word_1_181' title='bbox 766 2061 967 2122; x_wconf 89' lang='lat' dir='ltr'>species,</span> <span class='ocrx_word' id='word_1_182' title='bbox 1006 2074 1119 2121; x_wconf 87' lang='lat' dir='ltr'>quas</span> <span class='ocrx_word' id='word_1_183' title='bbox 1158 2062 1300 2106; x_wconf 88' lang='lat' dir='ltr'>mittit</span> <span class='ocrx_word' id='word_1_184' title='bbox 1336 2060 1484 2122; x_wconf 91' lang='lat' dir='ltr'>Eous,</span> 
     </span>
    </p>

    <p class='ocr_par' dir='ltr' id='par_1_14' title="bbox 207 2128 1731 2472">
     <span class='ocr_line' id='line_1_36' title="bbox 207 2128 1518 2192; baseline 0.001 -18"><span class='ocrx_word' id='word_1_185' title='bbox 207 2128 290 2174; x_wconf 91' lang='lat' dir='ltr'>Vel</span> <span class='ocrx_word' id='word_1_186' title='bbox 329 2143 446 2190; x_wconf 90' lang='lat' dir='ltr'>quae</span> <span class='ocrx_word' id='word_1_187' title='bbox 483 2129 684 2175; x_wconf 90' lang='lat' dir='ltr'>Iudaicis</span> <span class='ocrx_word' id='word_1_188' title='bbox 722 2130 929 2191; x_wconf 86' lang='lat' dir='ltr'>fragrant</span> <span class='ocrx_word' id='word_1_189' title='bbox 966 2129 1083 2175; x_wconf 92' lang='lat' dir='ltr'>bene</span> <span class='ocrx_word' id='word_1_190' title='bbox 1122 2130 1307 2176; x_wconf 88' lang='lat' dir='ltr'>condita</span> <span class='ocrx_word' id='word_1_191' title='bbox 1345 2131 1518 2192; x_wconf 87' lang='lat' dir='ltr'>capsis,</span> 
     </span>
     <span class='ocr_line' id='line_1_37' title="bbox 208 2198 1729 2262; baseline 0.001 -18"><span class='ocrx_word' id='word_1_192' title='bbox 208 2198 326 2260; x_wconf 90' lang='lat' dir='ltr'>Tus,</span> <span class='ocrx_word' id='word_1_193' title='bbox 365 2204 567 2260; x_wconf 90' lang='lat' dir='ltr'>costum,</span> <span class='ocrx_word' id='word_1_194' title='bbox 606 2198 787 2261; x_wconf 86' lang='lat' dir='ltr'>folium,</span> <span class='ocrx_word' id='word_1_195' title='bbox 826 2213 1051 2262; x_wconf 87' lang='lat' dir='ltr'>myrram,</span> <span class='ocrx_word' id='word_1_196' title='bbox 1090 2205 1342 2262; x_wconf 87' lang='lat' dir='ltr'>styracem,</span> <span class='ocrx_word' id='word_1_197' title='bbox 1388 2213 1729 2262; x_wconf 88' lang='lat' dir='ltr'>crocomagma,</span> 
     </span>
     <span class='ocr_line' id='line_1_38' title="bbox 208 2268 1617 2330; baseline 0.001 -16"><span class='ocrx_word' id='word_1_198' title='bbox 208 2268 531 2330; x_wconf 83' lang='lat' dir='ltr'>Aspalathum,</span> <span class='ocrx_word' id='word_1_199' title='bbox 570 2268 757 2329; x_wconf 86' lang='lat' dir='ltr'>gallam,</span> <span class='ocrx_word' id='word_1_200' title='bbox 796 2268 1052 2315; x_wconf 90' lang='lat' dir='ltr'>elleborum</span> <span class='ocrx_word' id='word_1_201' title='bbox 1089 2271 1369 2330; x_wconf 86' lang='lat' dir='ltr'>nigrumque</span> <span class='ocrx_word' id='word_1_202' title='bbox 1407 2269 1617 2315; x_wconf 88' lang='lat' dir='ltr'>bitumen</span> 
     </span>
     <span class='ocr_line' id='line_1_39' title="bbox 211 2337 1568 2400; baseline 0.001 -17"><span class='ocrx_word' id='word_1_203' title='bbox 211 2337 270 2384; x_wconf 87' lang='lat' dir='ltr'>Et</span> <span class='ocrx_word' id='word_1_204' title='bbox 307 2338 503 2385; x_wconf 90' lang='lat' dir='ltr'>nardum</span> <span class='ocrx_word' id='word_1_205' title='bbox 542 2344 588 2383; x_wconf 90' lang='lat' dir='ltr'>et</span> <span class='ocrx_word' id='word_1_206' title='bbox 626 2340 772 2384; x_wconf 88' lang='lat' dir='ltr'>casias</span> <span class='ocrx_word' id='word_1_207' title='bbox 811 2346 857 2384; x_wconf 88' lang='lat' dir='ltr'>et</span> <span class='ocrx_word' id='word_1_208' title='bbox 894 2353 1072 2384; x_wconf 90' lang='lat' dir='ltr'>amoma</span> <span class='ocrx_word' id='word_1_209' title='bbox 1112 2345 1158 2385; x_wconf 92' lang='lat' dir='ltr'>et</span> <span class='ocrx_word' id='word_1_210' title='bbox 1195 2340 1406 2385; x_wconf 91' lang='lat' dir='ltr'>cinnama</span> <span class='ocrx_word' id='word_1_211' title='bbox 1444 2353 1568 2400; x_wconf 90' lang='lat' dir='ltr'>rara,</span> 
     </span>
     <span class='ocr_line' id='line_1_40' title="bbox 211 2406 1731 2472; baseline 0.001 -19"><span class='ocrx_word' id='word_1_212' title='bbox 211 2406 440 2470; x_wconf 88' lang='lat' dir='ltr'>Balsama,</span> <span class='ocrx_word' id='word_1_213' title='bbox 476 2407 823 2470; x_wconf 85' lang='lat' dir='ltr'>peucedanum,</span> <span class='ocrx_word' id='word_1_214' title='bbox 862 2409 1058 2470; x_wconf 86' lang='lat' dir='ltr'>spicam,</span> <span class='ocrx_word' id='word_1_215' title='bbox 1097 2423 1268 2455; x_wconf 84' lang='lat' dir='ltr'>crocon</span> <span class='ocrx_word' id='word_1_216' title='bbox 1306 2415 1444 2470; x_wconf 91' lang='lat' dir='ltr'>atque</span> <span class='ocrx_word' id='word_1_217' title='bbox 1484 2408 1731 2472; x_wconf 92' lang='lat' dir='ltr'>bedellam,</span> 
     </span>
    </p>
   </div>
   <div class='ocr_carea' id='block_1_10' title="bbox 284 2540 1732 2596">
    <p class='ocr_par' dir='ltr' id='par_1_15' title="bbox 284 2540 1732 2596">
     <span class='ocr_line' id='line_1_41' title="bbox 284 2540 1732 2596; baseline 0.003 -16"><span class='ocrx_word' id='word_1_218' title='bbox 284 2544 337 2580; x_wconf 81' lang='lat'>24</span> <span class='ocrx_word' id='word_1_219' title='bbox 382 2543 427 2582; x_wconf 80' lang='lat' dir='ltr'>et</span> <span class='ocrx_word' id='word_1_220' title='bbox 470 2540 595 2595; x_wconf 87' lang='lat' dir='ltr'>fruge</span> <span class='ocrx_word' id='word_1_221' title='bbox 643 2542 894 2584; x_wconf 72' lang='lat' dir='ltr'>CornariuS.</span> <span class='ocrx_word' id='word_1_222' title='bbox 1067 2546 1118 2583; x_wconf 83' lang='lat'>32</span> <span class='ocrx_word' id='word_1_223' title='bbox 1164 2541 1316 2595; x_wconf 80' lang='lat' dir='ltr'>lepida,</span> <span class='ocrx_word' id='word_1_224' title='bbox 1358 2543 1538 2596; x_wconf 77' lang='lat' dir='ltr'>scripsi:</span> <span class='ocrx_word' id='word_1_225' title='bbox 1583 2542 1732 2596; x_wconf 88' lang='lat' dir='ltr'>lepide</span> 
     </span>
    </p>
   </div>
   <div class='ocr_carea' id='block_1_11' title="bbox 140 2595 1733 2808">
    <p class='ocr_par' dir='ltr' id='par_1_16' title="bbox 140 2595 1733 2808">
     <span class='ocr_line' id='line_1_42' title="bbox 144 2595 1730 2651; baseline 0.002 -14"><span class='ocrx_word' id='word_1_226' title='bbox 144 2595 395 2638; x_wconf 77' lang='lat' dir='ltr'>Cornarius.</span> <span class='ocrx_word' id='word_1_227' title='bbox 484 2599 614 2650; x_wconf 81' lang='lat' dir='ltr'>atque</span> <span class='ocrx_word' id='word_1_228' title='bbox 646 2599 891 2639; x_wconf 80' lang='lat' dir='ltr'>atramento</span> <span class='ocrx_word' id='word_1_229' title='bbox 927 2597 1184 2640; x_wconf 73' lang='lat' dir='ltr'>Cornarius:</span> <span class='ocrx_word' id='word_1_230' title='bbox 1215 2599 1347 2651; x_wconf 82' lang='lat' dir='ltr'>atque</span> <span class='ocrx_word' id='word_1_231' title='bbox 1377 2600 1456 2641; x_wconf 85' lang='lat' dir='ltr'>del.</span> <span class='ocrx_word' id='word_1_232' title='bbox 1487 2599 1730 2641; x_wconf 79' lang='lat' dir='ltr'>Buecheler.</span> 
     </span>
     <span class='ocr_line' id='line_1_43' title="bbox 143 2651 1732 2708; baseline 0.001 -16"><span class='ocrx_word' id='word_1_233' title='bbox 143 2654 195 2692; x_wconf 88' lang='lat'>36</span> <span class='ocrx_word' id='word_1_234' title='bbox 226 2652 379 2705; x_wconf 76' lang='lat' dir='ltr'>intyba,</span> <span class='ocrx_word' id='word_1_235' title='bbox 411 2651 660 2695; x_wconf 76' lang='lat' dir='ltr'>Gornarius.</span> <span class='ocrx_word' id='word_1_236' title='bbox 809 2657 864 2694; x_wconf 88' lang='grc'>40</span> <span class='ocrx_word' id='word_1_237' title='bbox 894 2653 1208 2708; x_wconf 84' lang='lat' dir='ltr'>pulegiumque</span> <span class='ocrx_word' id='word_1_238' title='bbox 1238 2655 1360 2697; x_wconf 84' lang='lat' dir='ltr'>idem.</span> <span class='ocrx_word' id='word_1_239' title='bbox 1509 2654 1732 2706; x_wconf 86' lang='lat' dir='ltr'>cyminum</span> 
     </span>
     <span class='ocr_line' id='line_1_44' title="bbox 141 2708 1733 2762; baseline 0.001 -14"><span class='ocrx_word' id='word_1_240' title='bbox 141 2708 264 2748; x_wconf 82' lang='lat' dir='ltr'>idem.</span> <span class='ocrx_word' id='word_1_241' title='bbox 414 2711 469 2749; x_wconf 88' lang='lat'>45</span> <span class='ocrx_word' id='word_1_242' title='bbox 500 2721 627 2761; x_wconf 91' lang='lat' dir='ltr'>quem</span> <span class='ocrx_word' id='word_1_243' title='bbox 659 2709 910 2752; x_wconf 79' lang='lat' dir='ltr'>Buecheler:</span> <span class='ocrx_word' id='word_1_244' title='bbox 941 2723 1052 2762; x_wconf 84' lang='lat' dir='ltr'>quae</span> <span class='ocrx_word' id='word_1_245' title='bbox 1084 2709 1333 2753; x_wconf 75' lang='lat' dir='ltr'>Gornarius.</span> <span class='ocrx_word' id='word_1_246' title='bbox 1491 2713 1542 2752; x_wconf 85' lang='lat'>51</span> <span class='ocrx_word' id='word_1_247' title='bbox 1576 2722 1733 2752; x_wconf 87' lang='lat' dir='ltr'>crocon</span> 
     </span>
     <span class='ocr_line' id='line_1_45' title="bbox 140 2762 934 2808; baseline 0.004 -5"><span class='ocrx_word' id='word_1_248' title='bbox 140 2762 447 2806; x_wconf 72' lang='lat' dir='ltr'>Burmannus.-</span> <span class='ocrx_word' id='word_1_249' title='bbox 478 2776 651 2806; x_wconf 87' lang='lat' dir='ltr'>crocum</span> <span class='ocrx_word' id='word_1_250' title='bbox 684 2764 934 2808; x_wconf 74' lang='lat' dir='ltr'>Oornarius.</span> 
     </span>
    </p>
   </div>
  </div>
 </body>
</html>
