1930 3008
841 161 1215 212 —326—

228 291 373 353 veris3
418 289 506 336 hoc
551 290 691 336 etiam
735 291 888 350 aegris
933 291 1033 336 sine
1080 289 1352 337 difficultate
1398 293 1654 354 succurrit3
1704 292 1830 339 sanis

231 360 392 406 eadem
431 374 550 421 aqua
587 373 695 406 cum
732 359 934 423 condito,
972 361 1013 406 si
1049 361 1112 407 ita
1149 359 1324 422 malint,
1363 362 1536 421 optime
1574 361 1725 409 datur.

148 439 200 478 62
362 429 441 480 Ad
473 428 659 476 cholera
689 429 1000 491 reprimenda.
1044 429 1258 476 Puleium
1287 430 1721 478 commanducatum
1753 446 1829 479 su-

230 514 317 561 per
346 499 622 546 umbilicum
651 501 907 561 inpositum
939 499 1286 561 obligatumque
1318 502 1611 562 supprimere
1642 501 1829 549 cholera

232 575 279 616 et
323 571 676 631 intempestivos
722 575 769 615 et
813 571 1061 616 continuos
1098 572 1300 617 vomitus
1344 571 1462 617 mire
1509 577 1704 618 constat.
1779 571 1872 619 Sis
1918 596 1930 621 ι

231 639 288 686 de
333 639 521 686 cholera
566 646 722 686 autem
766 644 894 686 tanta
940 641 1189 687 concitatio
1234 642 1436 687 vomitus
1481 647 1573 703 est,
1625 647 1677 688 ut
1722 656 1829 689 con-

229 711 373 756 tineri
409 724 503 756 non
541 710 712 771 possit,
757 708 999 771 hedyosmi
1042 716 1121 757 aut
1166 724 1333 757 erucae
1371 710 1576 757 ramulos
1613 717 1711 758 tres
1749 718 1829 759 aut

231 785 452 841 quattuor
483 794 589 826 cum
621 779 729 825 mali
759 781 940 840 granati
967 782 1334 827 sucocontritos
1357 779 1676 827 absorbendos
1706 781 1828 845 dato,

145 859 196 897 63
229 851 451 897 continuo
484 848 737 896 sedabitur.
791 849 958 897 Vinum
989 856 1220 911 myrteum
1251 849 1534 897 sorbendum
1567 851 1687 914 dato,
1721 866 1832 912 pro-

226 921 355 966 tinus
393 920 620 966 vomitum
658 920 944 983 conprimes3
982 919 1102 966 lauri
1136 919 1273 967 bacas
1305 920 1482 982 aliquot
1513 923 1738 968 contritas
1769 936 1825 968 ex
1850 934 1891 965 10

225 991 334 1036 vino
379 991 513 1051 potui
557 989 686 1036 datas
729 1004 1009 1036 succurrere
1048 989 1235 1037 cholera
1272 990 1591 1037 laborantibus
1630 997 1826 1040 constat.

144 1061 197 1099 64
225 1058 464 1106 Mororum
511 1059 568 1106 de
614 1058 747 1106 rubis
793 1074 937 1106 sucus
982 1065 1149 1120 epotus
1194 1061 1447 1107 efficaciter
1490 1061 1682 1121 prodest
1719 1061 1826 1108 cho-

227 1129 338 1176 leris
376 1129 709 1192 reprimendis3
756 1129 911 1175 caules
951 1135 1176 1190 quantum
1213 1131 1414 1176 maiores
1453 1130 1649 1177 discocti
1686 1138 1733 1177 et
1770 1146 1826 1178 ex

143 1201 195 1239 65
226 1205 357 1246 aceto
411 1201 585 1260 sumpti
630 1198 844 1245 similiter
889 1199 1149 1246 medentur.
1223 1199 1437 1262 Cydonea
1481 1199 1600 1247 bene
1646 1207 1825 1248 matura

225 1283 320 1315 non
359 1275 491 1316 cocta
527 1270 576 1315 in
615 1268 719 1315 cibo
758 1275 947 1331 accepta
986 1269 1201 1316 similiter
1234 1275 1454 1333 prosunt3
1492 1270 1632 1317 bacae
1663 1271 1824 1318 itidem
1849 1283 1888 1314 15

226 1339 408 1400 agrifoli
445 1340 582 1386 tritae
621 1353 728 1386 cum
766 1340 873 1385 vino
911 1341 1044 1400 potui
1082 1339 1213 1386 datae
1252 1342 1344 1387 cito
1387 1339 1682 1388 subveniunt.

142 1411 194 1450 66
366 1409 435 1455 Ad
488 1409 641 1455 alvum
694 1409 1015 1456 concitandam
1067 1411 1226 1456 aizoon
1275 1409 1441 1473 herba,
1493 1425 1610 1472 quae
1661 1411 1825 1459 Latine

227 1479 392 1526 sedum
422 1479 695 1542 appellatur,
727 1494 783 1525 ex
815 1481 920 1525 vino
952 1481 1153 1526 contrita
1184 1486 1384 1541 potaque
1411 1480 1665 1541 plurimum
1687 1482 1825 1543 prod-

143 1551 194 1589 67
227 1555 312 1596 est.
379 1549 562 1595 Herbae
607 1551 867 1595 vettonicae
911 1551 959 1595 in
1003 1549 1168 1596 umbra
1214 1551 1443 1597 arefactae
1485 1551 1590 1597 folia
1629 1558 1825 1599 contusa

225 1626 272 1666 et
316 1621 365 1665 in
413 1618 652 1680 pulverem
698 1619 886 1665 redacta
931 1619 986 1665 ad
1024 1619 1207 1680 pondus
1246 1620 1546 1666 denariorum
1583 1623 1728 1668 trium
1766 1637 1823 1669 ex
1846 1634 1887 1664 20

222 1689 506 1751 hydromelis
538 1689 715 1751 cyathis
742 1688 864 1735 VIIII
894 1688 1094 1736 bibenda
1123 1704 1207 1751 per
1238 1690 1446 1737 triduum
1477 1690 1580 1736 data
1612 1697 1823 1738 ventrem

141 1760 192 1799 68
225 1761 325 1805 sine
355 1758 569 1806 molestia
593 1760 813 1806 continuo
839 1765 1039 1806 movent.
1081 1758 1321 1806 Brassicae
1345 1761 1625 1807 tenerrimae
1649 1763 1820 1808 contri-

223 1836 296 1875 tae
329 1843 495 1876 sucum
526 1843 802 1890 expressum
833 1831 873 1876 si
904 1831 1008 1890 quis
1045 1829 1102 1875 ad
1142 1843 1222 1876 sex
1261 1829 1517 1892 cotylarum
1553 1845 1823 1878 mensuram

223 1899 417 1946 adiectis
462 1900 559 1946 vini
603 1899 780 1961 cyathis
826 1898 977 1946 tribus
1021 1901 1208 1950 ieiunus
1246 1899 1439 1963 biberit,
1480 1902 1544 1947 ita
1581 1906 1634 1948 ut
1670 1901 1821 1962 pridie

223 1983 317 2015 non
369 1975 506 2016 cenet
557 1975 604 2016 et
655 1968 773 2016 bene
822 1969 1032 2030 digestus
1085 1972 1167 2032 sit,
1220 1971 1415 2017 mirifice
1468 1985 1520 2017 ac
1572 1972 1672 2017 sine
1725 1971 1819 2018 ullo
1843 1982 1884 2014 25

139 2042 190 2079 69
223 2039 375 2085 taedio
407 2038 506 2085 alvo
539 2041 767 2086 concitata
797 2039 1089 2101 purgabitur.
1144 2038 1432 2087 Orbicularis
1463 2040 1648 2103 herbae,
1681 2056 1821 2103 quam

223 2108 398 2155 Graece
444 2109 734 2170 cyclaminon
778 2115 966 2174 vocant,
1017 2111 1057 2156 si
1102 2111 1205 2171 quis
1252 2125 1473 2172 expresso
1519 2125 1632 2158 suco
1678 2125 1820 2158 anum

222 2181 510 2242 perunxerit,
550 2180 665 2226 mira
704 2179 942 2226 celeritate
980 2182 1249 2241 experietur
1286 2180 1374 2227 alvi
1411 2180 1703 2227 solutionem.

139 2251 191 2288 70
362 2247 423 2295 Ut
451 2251 730 2310 purgatione
762 2252 937 2297 ventris
967 2250 1171 2297 relevato
1203 2265 1398 2311 corpore
1424 2250 1674 2297 salubriter
1698 2257 1818 2298 aeta-

221 2326 315 2365 tem
354 2333 482 2381 agas,
520 2319 672 2366 alvum
710 2320 798 2366 hoc
836 2334 1007 2381 genere
1046 2320 1317 2367 concitabis.
1383 2320 1576 2367 Gladioli
1613 2320 1817 2367 radicem
1840 2331 1882 2362 30

221 2388 512 2449 longitudine
550 2403 603 2436 ac
640 2389 933 2451 plenitudine
972 2390 1105 2451 digiti
1138 2390 1333 2452 pollicis,
1372 2392 1412 2436 si
1442 2390 1639 2436 feminae
1670 2404 1818 2436 reme-

221 2458 350 2504 dium
390 2459 594 2506 dandum
632 2461 742 2523 erit,
771 2462 828 2507 si
866 2462 985 2523 viro,
1023 2460 1079 2507 ad
1118 2460 1475 2507 crassitudinem
1513 2458 1714 2506 duorum
1752 2460 1818 2506 di-

220 2529 424 2588 gitorum
479 2535 524 2576 et
575 2529 914 2591 longitudinem
960 2532 1100 2577 unius
1149 2530 1279 2576 dabis
1324 2529 1535 2575 derasam
1587 2537 1633 2576 et
1677 2529 1819 2576 lotam

221 2600 562 2661 contritamque
597 2599 910 2648 valentissime
942 2600 1135 2646 adiectis
1166 2613 1311 2660 aquae
1345 2599 1521 2660 cyathis
1551 2598 1635 2645 1111
1666 2607 1744 2646 aut
1767 2598 1817 2662 V,

1910 210 1930 246 ἐξ

1904 245 1930 283 ,3

1916 468 1930 595 ’Ξ

1915 616 1930 660 i

360 2765 384 2801 2
417 2761 595 2803 condito
626 2766 701 2803 zm
733 2761 1013 2804 condimento
1044 2765 1138 2805 2272.
1251 2765 1299 2803 11
1335 2761 1520 2804 cholere.
1633 2765 1682 2803 17
1715 2774 1816 2805 con-

197 2815 446 2859 citandam
476 2821 500 2858 1
511 2830 552 2859 m
583 2817 894 2860 concitandum
922 2821 1016 2862 2m.
1133 2822 1185 2859 23
1217 2817 1463 2860 cotilarum.
