1930 3008
741 102 1118 152 —367—

122 232 330 278 ‘mixtum
369 236 415 277 et
452 235 839 291 concorporatum
877 229 1050 276 videris
1088 229 1388 292 medicamen,
1425 227 1483 274 ab
1516 229 1623 289 igne
1654 243 1726 275 re·

59 332 62 335 -
135 299 341 347 movebis
393 306 439 346 et
483 301 641 346 mittes
685 302 733 346 in
777 299 916 360 pilam
960 299 1159 359 ligneam
1204 305 1342 360 atque
1380 297 1474 344 illic
1515 304 1605 345 tam
1645 298 1726 345 diu

134 370 335 431 hattueS,
373 369 521 416 donec
559 371 620 415 sit
658 368 1051 431 subactissimum,
1088 374 1135 415 et
1171 383 1277 415 cum
1317 382 1372 414 ex
1411 382 1465 414 eo
1502 367 1726 428 malagma

136 441 289 486 facere
327 438 544 501 volueris,
582 438 682 485 oleo
718 453 884 485 manus
922 452 1155 499 perunges
1193 444 1240 485 et
1268 440 1332 484 ita
1366 438 1610 484 inductum
1641 437 1726 483 lin-

94 523 114 555 6
136 517 213 556 teo
252 508 396 555 denso
435 508 506 555 vel
541 508 787 569 phoenicio
826 508 1024 568 pedibus
1061 508 1278 569 adpones.

276 578 497 639 Malagma
542 580 636 624 sive
682 592 878 639 acopum
927 578 980 624 ad
1034 578 1285 639 podagram
1337 577 1727 639 efficacissimum,
1758 586 1783 624 5

138 648 261 710 quod
306 663 464 695 mense
509 648 719 708 Augusto
765 648 867 693 sieri
911 647 1070 694 debet:
1121 647 1318 694 Resinae
1363 646 1527 693 frictae
1571 646 1726 707 pondo

135 720 239 779 tria,
278 732 411 764 cerae
441 716 490 764 P.
522 716 593 779 VI,
630 717 722 763 olei
751 718 922 763 veteris
952 717 1002 764 P.
1034 723 1152 779 oct0,
1191 717 1374 778 galbani
1404 718 1566 763 uncias
1598 722 1728 777 quat-

136 794 264 848 tuor,
316 788 412 848 opii
462 789 623 833 uncias
668 792 908 849 quattuor,
961 790 1242 847 opopanacis
1287 788 1447 833 uncias
1493 792 1728 849 quattuor,

73 873 113 903 10
136 857 372 917 aeruginis
410 858 570 902 uncias
608 870 710 918 sex,
748 862 904 916 guttae
942 858 1254 903 ammoniacae
1291 858 1454 902 uncias
1494 861 1728 918 quattuor,

136 926 284 988 adipis
322 926 534 972 leoninae
572 927 734 972 uncias
773 932 1006 988 quattuor,
1045 926 1201 987 adipis·
1230 925 1526 986 leopardinae
1566 927 1727 971 uncias

137 1002 371 1058 quattuor,
398 995 548 1056 adipis
571 997 814 1042 taxoninae
840 997 1001 1041 uncias
1024 994 1102 1057 111,
1125 996 1273 1056 adipis
1297 997 1539 1041 anserinae
1564 996 1727 1041 uncias

136 1073 248 1127 tres,
280 1067 377 1111 sevi
409 1066 582 1111 taurini
611 1065 660 1112 P.
691 1065 725 1126 I,
763 1065 934 1111 radicis
972 1065 1145 1111 malvae
1177 1066 1404 1112 erraticae
1436 1067 1597 1111 uncias
1629 1063 1727 1120 1111,

35 1176 39 1196 y.
136 1135 308 1182 radIcis
346 1137 524 1181 cicutae
563 1137 724 1181 uncias
763 1141 996 1195 quattuor,
1034 1135 1205 1181 radicis
1239 1135 1374 1181 ibisci
1405 1136 1566 1180 uncias
1598 1139 1728 1195 quat-

34 1205 40 1242 ?
74 1220 114 1251 15
136 1211 265 1266 tuor,
309 1204 480 1251 radicis
518 1205 782 1250 cucumeris
820 1206 1038 1266 agrestis,
1084 1219 1223 1265 quem
1268 1206 1426 1265 Sicyon
1464 1205 1626 1264 agrion
1664 1203 1729 1250 di-

33 1271 38 1287 ³'
137 1281 262 1336 cunt,
293 1275 454 1320 uncias
486 1280 720 1336 quattuor,
750 1273 920 1320 radicis
952 1274 1222 1320 cucurbitae
1253 1274 1534 1320 domesticae
1567 1274 1729 1319 uncias

137 1350 370 1404 quattuor.
407 1343 629 1389 Infundes
666 1344 848 1389 radices
886 1357 1048 1390 omnes
1079 1358 1220 1404 supra
1252 1345 1450 1404 scriptas
1481 1344 1530 1388 in
1561 1357 1730 1403 aquam

135 1413 245 1459 luna
283 1413 570 1475 duodecima,
609 1427 841 1473 excoques
878 1412 987 1459 luna
1025 1413 1334 1474 quindecima,
1371 1415 1434 1459 ita
1467 1418 1520 1459 ut
1550 1412 1606 1458 ad
1637 1419 1729 1459 ter-

136 1485 225 1530 tias
263 1497 508 1544 excoquas,
546 1489 592 1528 et
629 1482 684 1528 de
723 1484 928 1528 excoctis
967 1485 1067 1529 suci
1105 1485 1318 1543 expressi
1346 1482 1501 1543 pondo
1535 1482 1626 1528 duo
1658 1481 1731 1528 vel

30 1612 32 1616 ⁸
74 1567 115 1598 κο
137 1553 255 1599 duos
293 1553 519 1598 sextarios
557 1552 711 1598 facies.
778 1550 1103 1612 Opopanacem
1142 1559 1188 1599 et
1226 1554 1385 1613 opium
1422 1551 1640 1598 infundes
1679 1555 1728 1597 in

31 1628 35 1635 ‘
137 1623 315 1683 vinum,
360 1627 538 1682 guttam
582 1636 692 1667 vero
734 1623 1067 1668 ammoniacam
1105 1628 1151 1668 et
1187 1622 1433 1683 galbanum
1472 1621 1644 1667 tundes
1683 1627 1730 1667 et

137 1691 303 1737 deinde
335 1691 473 1737 simul
503 1693 656 1737 omnia
687 1693 915 1752 permixta
944 1691 1070 1737 lento
1100 1693 1206 1752 igne
1238 1692 1472 1752 decoques
1503 1706 1555 1737 ac
1588 1692 1731 1737 facies

138 1763 269 1821 quasi
307 1768 517 1807 cerotum
557 1769 603 1806 et
640 1763 788 1807 uteris
824 1760 913 1807 hoc
951 1762 1102 1822 mod0,
1141 1768 1193 1807 ut
1223 1762 1390 1807 inlinas
1421 1761 1621 1807 linteum
1652 1760 1729 1806 de·

136 1831 479 1891 licatissimum,
525 1830 648 1891 quod
694 1831 793 1876 sine
831 1844 945 1891 ruga
984 1831 1289 1891 amplectatur
1326 1831 1515 1893 pedem3
1562 1830 1730 1876 deinde

28 1895 35 1927 ³*
75 1914 116 1945 25
139 1900 327 1946 fasciola
362 1899 527 1946 leviter
564 1899 788 1960 involves,
837 1901 892 1946 ad
938 1900 1025 1946 hoc
1070 1907 1270 1963 tantum,
1315 1915 1393 1963 ne,
1442 1915 1548 1947 cum
1586 1900 1732 1960 pedes

139 1971 188 2016 in
232 1969 352 2015 lecto
398 1971 617 2031 moveriS,
659 1969 902 2016 linteolum
946 1969 1200 2031 replicetur
1245 1977 1292 2016 et
1336 1970 1624 2016 medicamen
1662 1971 1730 2015 in-

140 2039 272 2085 litum
311 2039 512 2100 decidat3
552 2053 656 2084 nam
688 2041 727 2085 si
764 2041 910 2085 artius
950 2041 1215 2101 strinxeris,
1253 2042 1384 2086 nervi
1422 2039 1732 2085 offendentur.

140 2107 238 2154 Hoc
284 2122 394 2168 ergo
440 2108 726 2154 medicamen
764 2115 810 2155 et
846 2111 894 2155 in
932 2116 1127 2155 accentu
1172 2109 1323 2170 placat
1366 2110 1549 2155 dolores
1591 2115 1638 2155 et
1682 2110 1733 2154 in

142 2178 448 2224 declinatione
486 2178 730 2224 confirmat
767 2180 1023 2225 sanitatem.

24 2279 27 2282 ⁴
79 2262 118 2292 30
281 2247 461 2293 Herbae
500 2247 732 2308 verbasci,
779 2262 895 2308 quae
934 2247 1195 2294 minoribus
1234 2248 1355 2294 foliis
1401 2254 1494 2309 est,
1543 2249 1732 2294 summi-
1762 2256 1787 2293 6

142 2323 260 2363 tates
304 2323 492 2363 tenerae
538 2332 590 2363 ac
636 2317 741 2363 folia
786 2320 894 2363 trita
946 2319 1146 2378 inposita
1198 2319 1318 2364 intra
1370 2332 1541 2379 paucas
1593 2317 1737 2363 horas

141 2387 253 2432 adeo
286 2386 515 2433 sedabunt
546 2387 775 2448 podagrae
806 2387 1078 2449 molestiam,
1109 2395 1161 2434 ut
1185 2389 1266 2449 qui
1288 2402 1403 2434 usus
1427 2388 1568 2434 fuerit
1593 2388 1732 2433 etiam

142 2456 376 2502 ambulare
414 2458 574 2516 possit.

281 2525 585 2586 Incipientem
636 2527 887 2587 podagram
936 2526 1156 2573 discutiet
1199 2526 1414 2573 betarum
1459 2533 1731 2572 exustarum
1763 2537 1789 2574 ’τ

162 2743 190 2784 d
233 2687 645 2795 Al3d4)1ncipientem
668 2688 931 2744 podagram]
956 2690 1009 2741 ef.
1027 2689 1149 2731 Ρῑεη.
1174 2690 1224 2732 de
1246 2690 1348 2731 med.
1366 2687 1441 2741 111,
1468 2693 1518 2729 14
1542 2689 1600 2740 (p.
1628 2685 1735 2729 1931>
1797 2662 1799 2664 ’

141 2756 175 2783 θ’
193 2777 200 2785 .
326 2776 334 2784 .
359 2776 367 2784 .
