<?xml version="1.0" encoding="UTF-8"?>
<!DOCTYPE html PUBLIC "-//W3C//DTD XHTML 1.0 Transitional//EN"
    "http://www.w3.org/TR/xhtml1/DTD/xhtml1-transitional.dtd">
<html xmlns="http://www.w3.org/1999/xhtml" xml:lang="en" lang="en">
 <head>
  <title>
</title>
<meta http-equiv="Content-Type" content="text/html;charset=utf-8" />
  <meta name='ocr-system' content='tesseract 3.04.00' />
  <meta name='ocr-capabilities' content='ocr_page ocr_carea ocr_par ocr_line ocrx_word'/>
</head>
<body>
  <div class='ocr_page' id='page_1' title='image "./demedicamentisli00marcuoft_0286.png"; bbox 0 0 1930 3008; ppageno 0'>
   <div class='ocr_carea' id='block_1_1' title="bbox 796 102 1179 152">
    <p class='ocr_par' dir='ltr' id='par_1_1' title="bbox 796 102 1179 152">
     <span class='ocr_line' id='line_1_1' title="bbox 796 102 1179 152; baseline -0.003 0"><span class='ocrx_word' id='word_1_1' title='bbox 796 102 1179 152; x_wconf 82' lang='lat'>——274—</span> 
     </span>
    </p>
   </div>
   <div class='ocr_carea' id='block_1_2' title="bbox 168 227 1845 2380">
    <p class='ocr_par' dir='ltr' id='par_1_2' title="bbox 168 227 1845 2380">
     <span class='ocr_line' id='line_1_2' title="bbox 185 227 1784 291; baseline 0.005 -17"><span class='ocrx_word' id='word_1_2' title='bbox 185 227 380 291; x_wconf 83' lang='lat' dir='ltr'>Dantur,</span> <span class='ocrx_word' id='word_1_3' title='bbox 412 242 519 275; x_wconf 90' lang='lat' dir='ltr'>cum</span> <span class='ocrx_word' id='word_1_4' title='bbox 549 228 874 291; x_wconf 85' lang='lat' dir='ltr'>respostulat,</span> <span class='ocrx_word' id='word_1_5' title='bbox 906 243 962 275; x_wconf 87' lang='lat' dir='ltr'>ex</span> <span class='ocrx_word' id='word_1_6' title='bbox 994 236 1124 276; x_wconf 89' lang='lat' dir='ltr'>aceto</span> <span class='ocrx_word' id='word_1_7' title='bbox 1156 238 1201 276; x_wconf 84' lang='lat' dir='ltr'>et</span> <span class='ocrx_word' id='word_1_8' title='bbox 1232 230 1367 278; x_wconf 90' lang='lat' dir='ltr'>melle</span> <span class='ocrx_word' id='word_1_9' title='bbox 1397 233 1446 278; x_wconf 90' lang='lat' dir='ltr'>in</span> <span class='ocrx_word' id='word_1_10' title='bbox 1469 247 1616 280; x_wconf 91' lang='lat' dir='ltr'>unum</span> <span class='ocrx_word' id='word_1_11' title='bbox 1638 235 1784 282; x_wconf 90' lang='lat' dir='ltr'>mixto</span> 
     </span>
     <span class='ocr_line' id='line_1_3' title="bbox 186 297 1784 365; baseline 0.005 -22"><span class='ocrx_word' id='word_1_12' title='bbox 186 297 364 359; x_wconf 83' lang='lat' dir='ltr'><strong>cyathis</strong></span> <span class='ocrx_word' id='word_1_13' title='bbox 400 297 575 360; x_wconf 86' lang='lat' dir='ltr'>tribus;</span> <span class='ocrx_word' id='word_1_14' title='bbox 613 298 670 344; x_wconf 89' lang='lat' dir='ltr'>ad</span> <span class='ocrx_word' id='word_1_15' title='bbox 707 299 872 345; x_wconf 90' lang='lat' dir='ltr'>vitium</span> <span class='ocrx_word' id='word_1_16' title='bbox 910 304 1064 345; x_wconf 90' lang='lat' dir='ltr'>autem</span> <span class='ocrx_word' id='word_1_17' title='bbox 1102 299 1366 363; x_wconf 80' lang='lat' dir='ltr'><strong>mulierum,</strong></span> <span class='ocrx_word' id='word_1_18' title='bbox 1408 315 1499 363; x_wconf 90' lang='lat' dir='ltr'>quo</span> <span class='ocrx_word' id='word_1_19' title='bbox 1538 310 1784 365; x_wconf 81' lang='lat' dir='ltr'>correptae</span> 
     </span>
     <span class='ocr_line' id='line_1_4' title="bbox 186 367 1782 436; baseline 0.005 -23"><span class='ocrx_word' id='word_1_20' title='bbox 186 367 495 430; x_wconf 86' lang='lat' dir='ltr'>suffocantur,</span> <span class='ocrx_word' id='word_1_21' title='bbox 542 368 666 429; x_wconf 90' lang='lat' dir='ltr'>quod</span> <span class='ocrx_word' id='word_1_22' title='bbox 711 368 877 414; x_wconf 88' lang='lat' dir='ltr'>Graeci</span> <span class='ocrx_word' id='word_1_23' title='bbox 920 367 1188 429; x_wconf 88' lang='lat' dir='ltr'>hystericen</span> <span class='ocrx_word' id='word_1_24' title='bbox 1238 372 1376 431; x_wconf 85' lang='lat' dir='ltr'>pniga</span> <span class='ocrx_word' id='word_1_25' title='bbox 1421 371 1678 436; x_wconf 91' lang='lat' dir='ltr'>appellant,</span> <span class='ocrx_word' id='word_1_26' title='bbox 1726 389 1782 421; x_wconf 86' lang='lat' dir='ltr'>ex</span> 
     </span>
     <span class='ocr_line' id='line_1_5' title="bbox 184 437 1782 505; baseline 0.004 -22"><span class='ocrx_word' id='word_1_27' title='bbox 184 451 304 497; x_wconf 89' lang='lat' dir='ltr'>aqua</span> <span class='ocrx_word' id='word_1_28' title='bbox 349 437 499 484; x_wconf 90' lang='lat' dir='ltr'>mulsa</span> <span class='ocrx_word' id='word_1_29' title='bbox 543 437 644 484; x_wconf 92' lang='lat' dir='ltr'>dari</span> <span class='ocrx_word' id='word_1_30' title='bbox 681 443 885 500; x_wconf 81' lang='lat' dir='ltr'><strong>oportet,</strong></span> <span class='ocrx_word' id='word_1_31' title='bbox 932 443 1158 499; x_wconf 90' lang='lat' dir='ltr'>quantum</span> <span class='ocrx_word' id='word_1_32' title='bbox 1194 453 1291 486; x_wconf 87' lang='lat' dir='ltr'>nux</span> <span class='ocrx_word' id='word_1_33' title='bbox 1328 439 1531 488; x_wconf 87' lang='lat' dir='ltr'>avellana</span> <span class='ocrx_word' id='word_1_34' title='bbox 1568 448 1660 505; x_wconf 86' lang='lat' dir='ltr'>est;</span> <span class='ocrx_word' id='word_1_35' title='bbox 1705 443 1782 490; x_wconf 91' lang='lat' dir='ltr'>de-</span> 
     </span>
     <span class='ocr_line' id='line_1_6' title="bbox 183 506 1824 568; baseline 0.004 -16"><span class='ocrx_word' id='word_1_36' title='bbox 183 506 328 553; x_wconf 80' lang='lat' dir='ltr'>trahit</span> <span class='ocrx_word' id='word_1_37' title='bbox 365 508 488 552; x_wconf 89' lang='lat' dir='ltr'>enim</span> <span class='ocrx_word' id='word_1_38' title='bbox 526 508 709 553; x_wconf 91' lang='lat' dir='ltr'>urinam</span> <span class='ocrx_word' id='word_1_39' title='bbox 748 508 997 568; x_wconf 85' lang='lat' dir='ltr'><strong>copiosam.</strong></span> <span class='ocrx_word' id='word_1_40' title='bbox 1803 527 1824 558; x_wconf 75' lang='grc' dir='ltr'><strong>ὅ</strong></span> 
     </span>
     <span class='ocr_line' id='line_1_7' title="bbox 324 575 1784 643; baseline 0.004 -21"><span class='ocrx_word' id='word_1_41' title='bbox 324 575 736 639; x_wconf 83' lang='lat' dir='ltr'>Medicamentum,</span> <span class='ocrx_word' id='word_1_42' title='bbox 781 577 905 637; x_wconf 90' lang='lat' dir='ltr'>quod</span> <span class='ocrx_word' id='word_1_43' title='bbox 951 577 1269 624; x_wconf 84' lang='lat' dir='ltr'>dodecatheon</span> <span class='ocrx_word' id='word_1_44' title='bbox 1314 579 1593 643; x_wconf 90' lang='lat' dir='ltr'>appellatur,</span> <span class='ocrx_word' id='word_1_45' title='bbox 1629 587 1784 628; x_wconf 91' lang='lat' dir='ltr'>movet</span> 
     </span>
     <span class='ocr_line' id='line_1_8' title="bbox 184 645 1783 710; baseline 0.004 -19"><span class='ocrx_word' id='word_1_46' title='bbox 184 647 388 708; x_wconf 84' lang='lat' dir='ltr'>urinam,</span> <span class='ocrx_word' id='word_1_47' title='bbox 434 645 545 692; x_wconf 87' lang='lat' dir='ltr'>facit</span> <span class='ocrx_word' id='word_1_48' title='bbox 581 651 629 692; x_wconf 92' lang='lat' dir='ltr'>et</span> <span class='ocrx_word' id='word_1_49' title='bbox 665 646 719 692; x_wconf 89' lang='lat' dir='ltr'>ad</span> <span class='ocrx_word' id='word_1_50' title='bbox 759 660 861 709; x_wconf 89' lang='lat' dir='ltr'>eos,</span> <span class='ocrx_word' id='word_1_51' title='bbox 906 648 987 707; x_wconf 91' lang='lat' dir='ltr'>qui</span> <span class='ocrx_word' id='word_1_52' title='bbox 1023 647 1265 694; x_wconf 90' lang='lat' dir='ltr'>reficiendi</span> <span class='ocrx_word' id='word_1_53' title='bbox 1306 654 1417 695; x_wconf 93' lang='lat' dir='ltr'>sunt</span> <span class='ocrx_word' id='word_1_54' title='bbox 1451 657 1559 709; x_wconf 87' lang='lat' dir='ltr'>post</span> <span class='ocrx_word' id='word_1_55' title='bbox 1595 664 1783 710; x_wconf 83' lang='lat' dir='ltr'>gravem</span> 
     </span>
     <span class='ocr_line' id='line_1_9' title="bbox 182 715 1781 777; baseline 0.004 -16"><span class='ocrx_word' id='word_1_56' title='bbox 182 715 550 777; x_wconf 83' lang='lat' dir='ltr'>inbecillitatem,</span> <span class='ocrx_word' id='word_1_57' title='bbox 591 715 702 762; x_wconf 89' lang='lat' dir='ltr'>facit</span> <span class='ocrx_word' id='word_1_58' title='bbox 739 722 785 762; x_wconf 92' lang='lat' dir='ltr'>et</span> <span class='ocrx_word' id='word_1_59' title='bbox 822 716 879 762; x_wconf 89' lang='lat' dir='ltr'>ad</span> <span class='ocrx_word' id='word_1_60' title='bbox 917 718 1191 777; x_wconf 85' lang='lat' dir='ltr'>auruginem</span> <span class='ocrx_word' id='word_1_61' title='bbox 1228 717 1454 765; x_wconf 89' lang='lat' dir='ltr'>habentes</span> <span class='ocrx_word' id='word_1_62' title='bbox 1493 725 1539 765; x_wconf 92' lang='lat' dir='ltr'>et</span> <span class='ocrx_word' id='word_1_63' title='bbox 1576 719 1633 765; x_wconf 91' lang='lat' dir='ltr'>ad</span> <span class='ocrx_word' id='word_1_64' title='bbox 1670 721 1781 767; x_wconf 92' lang='lat' dir='ltr'>ioci-</span> 
     </span>
     <span class='ocr_line' id='line_1_10' title="bbox 182 785 1781 850; baseline 0.004 -20"><span class='ocrx_word' id='word_1_65' title='bbox 182 787 310 831; x_wconf 85' lang='lat' dir='ltr'>neris</span> <span class='ocrx_word' id='word_1_66' title='bbox 349 791 397 831; x_wconf 89' lang='lat' dir='ltr'>et</span> <span class='ocrx_word' id='word_1_67' title='bbox 434 786 619 831; x_wconf 89' lang='lat' dir='ltr'>renium</span> <span class='ocrx_word' id='word_1_68' title='bbox 656 785 865 832; x_wconf 89' lang='lat' dir='ltr'>dolorem</span> <span class='ocrx_word' id='word_1_69' title='bbox 903 791 949 832; x_wconf 86' lang='lat' dir='ltr'>et</span> <span class='ocrx_word' id='word_1_70' title='bbox 987 786 1042 832; x_wconf 89' lang='lat' dir='ltr'>ad</span> <span class='ocrx_word' id='word_1_71' title='bbox 1080 786 1283 833; x_wconf 85' lang='lat' dir='ltr'>lienosos</span> <span class='ocrx_word' id='word_1_72' title='bbox 1325 793 1371 834; x_wconf 87' lang='lat' dir='ltr'>et</span> <span class='ocrx_word' id='word_1_73' title='bbox 1407 788 1463 834; x_wconf 88' lang='lat' dir='ltr'>ad</span> <span class='ocrx_word' id='word_1_74' title='bbox 1500 788 1781 850; x_wconf 86' lang='lat' dir='ltr'>hydropicos</span> 
     </span>
     <span class='ocr_line' id='line_1_11' title="bbox 182 854 1845 919; baseline 0.002 -18"><span class='ocrx_word' id='word_1_75' title='bbox 182 861 229 901; x_wconf 92' lang='lat' dir='ltr'>et</span> <span class='ocrx_word' id='word_1_76' title='bbox 267 854 322 901; x_wconf 90' lang='lat' dir='ltr'>ad</span> <span class='ocrx_word' id='word_1_77' title='bbox 361 854 614 902; x_wconf 88' lang='lat' dir='ltr'>difficulter</span> <span class='ocrx_word' id='word_1_78' title='bbox 649 856 832 901; x_wconf 88' lang='lat' dir='ltr'>urinam</span> <span class='ocrx_word' id='word_1_79' title='bbox 871 855 1147 919; x_wconf 82' lang='lat' dir='ltr'>reddentes3</span> <span class='ocrx_word' id='word_1_80' title='bbox 1185 856 1424 917; x_wconf 86' lang='lat' dir='ltr'>crapulam</span> <span class='ocrx_word' id='word_1_81' title='bbox 1461 872 1648 919; x_wconf 90' lang='lat' dir='ltr'>quoque</span> <span class='ocrx_word' id='word_1_82' title='bbox 1685 873 1780 905; x_wconf 92' lang='lat' dir='ltr'>non</span> <span class='ocrx_word' id='word_1_83' title='bbox 1804 875 1845 905; x_wconf 89' lang='lat'>10</span> 
     </span>
     <span class='ocr_line' id='line_1_12' title="bbox 180 924 1780 985; baseline 0.003 -15"><span class='ocrx_word' id='word_1_84' title='bbox 180 926 359 985; x_wconf 89' lang='lat' dir='ltr'>patitur</span> <span class='ocrx_word' id='word_1_85' title='bbox 396 926 502 970; x_wconf 90' lang='lat' dir='ltr'>vino</span> <span class='ocrx_word' id='word_1_86' title='bbox 540 926 675 985; x_wconf 85' lang='lat' dir='ltr'>nigro</span> <span class='ocrx_word' id='word_1_87' title='bbox 712 931 875 985; x_wconf 90' lang='lat' dir='ltr'>potum</span> <span class='ocrx_word' id='word_1_88' title='bbox 915 924 1186 972; x_wconf 87' lang='lat' dir='ltr'>subsistere.</span> <span class='ocrx_word' id='word_1_89' title='bbox 1246 925 1445 973; x_wconf 91' lang='lat' dir='ltr'>Prodest</span> <span class='ocrx_word' id='word_1_90' title='bbox 1483 928 1780 975; x_wconf 89' lang='lat' dir='ltr'>stomachicis</span> 
     </span>
     <span class='ocr_line' id='line_1_13' title="bbox 181 993 1780 1044; baseline 0.003 -4"><span class='ocrx_word' id='word_1_91' title='bbox 181 999 228 1040; x_wconf 91' lang='lat' dir='ltr'>et</span> <span class='ocrx_word' id='word_1_92' title='bbox 264 993 542 1041; x_wconf 91' lang='lat' dir='ltr'>mulieribus</span> <span class='ocrx_word' id='word_1_93' title='bbox 579 1009 604 1040; x_wconf 91' lang='lat' dir='ltr'>a</span> <span class='ocrx_word' id='word_1_94' title='bbox 641 993 776 1040; x_wconf 84' lang='lat' dir='ltr'>vulva</span> <span class='ocrx_word' id='word_1_95' title='bbox 812 994 1132 1042; x_wconf 88' lang='lat' dir='ltr'>laborantibus</span> <span class='ocrx_word' id='word_1_96' title='bbox 1170 1001 1217 1041; x_wconf 92' lang='lat' dir='ltr'>et</span> <span class='ocrx_word' id='word_1_97' title='bbox 1254 996 1310 1041; x_wconf 91' lang='lat' dir='ltr'>ad</span> <span class='ocrx_word' id='word_1_98' title='bbox 1341 998 1495 1043; x_wconf 92' lang='lat' dir='ltr'>omnia</span> <span class='ocrx_word' id='word_1_99' title='bbox 1525 1011 1703 1044; x_wconf 86' lang='lat' dir='ltr'>venena</span> <span class='ocrx_word' id='word_1_100' title='bbox 1733 1005 1780 1044; x_wconf 90' lang='lat' dir='ltr'>et</span> 
     </span>
     <span class='ocr_line' id='line_1_14' title="bbox 176 1063 1778 1124; baseline 0.002 -15"><span class='ocrx_word' id='word_1_101' title='bbox 176 1063 237 1109; x_wconf 63' lang='lat' dir='ltr'>‚ad</span> <span class='ocrx_word' id='word_1_102' title='bbox 276 1065 566 1124; x_wconf 86' lang='lat' dir='ltr'>serpentium</span> <span class='ocrx_word' id='word_1_103' title='bbox 602 1078 788 1110; x_wconf 89' lang='lat' dir='ltr'>morsus</span> <span class='ocrx_word' id='word_1_104' title='bbox 827 1071 966 1124; x_wconf 87' lang='lat' dir='ltr'>atque</span> <span class='ocrx_word' id='word_1_105' title='bbox 1003 1066 1126 1110; x_wconf 92' lang='lat' dir='ltr'>ictus</span> <span class='ocrx_word' id='word_1_106' title='bbox 1164 1070 1211 1111; x_wconf 88' lang='lat' dir='ltr'>et</span> <span class='ocrx_word' id='word_1_107' title='bbox 1241 1065 1297 1110; x_wconf 89' lang='lat' dir='ltr'>ad</span> <span class='ocrx_word' id='word_1_108' title='bbox 1327 1067 1527 1112; x_wconf 88' lang='lat' dir='ltr'>interius</span> <span class='ocrx_word' id='word_1_109' title='bbox 1557 1067 1778 1114; x_wconf 87' lang='lat' dir='ltr'>convulsa</span> 
     </span>
     <span class='ocr_line' id='line_1_15' title="bbox 180 1132 1779 1196; baseline 0.003 -18"><span class='ocrx_word' id='word_1_110' title='bbox 180 1134 293 1179; x_wconf 88' lang='lat' dir='ltr'>satis</span> <span class='ocrx_word' id='word_1_111' title='bbox 330 1133 444 1179; x_wconf 93' lang='lat' dir='ltr'>utile</span> <span class='ocrx_word' id='word_1_112' title='bbox 484 1139 576 1195; x_wconf 91' lang='lat' dir='ltr'>est;</span> <span class='ocrx_word' id='word_1_113' title='bbox 614 1134 862 1179; x_wconf 86' lang='lat' dir='ltr'>conficitur</span> <span class='ocrx_word' id='word_1_114' title='bbox 900 1135 989 1180; x_wconf 88' lang='lat' dir='ltr'>sic:</span> <span class='ocrx_word' id='word_1_115' title='bbox 1026 1133 1207 1194; x_wconf 90' lang='lat' dir='ltr'>Myrrae</span> <span class='ocrx_word' id='word_1_116' title='bbox 1245 1132 1284 1179; x_wconf 99' lang='lat' dir='ltr'>X</span> <span class='ocrx_word' id='word_1_117' title='bbox 1315 1134 1370 1196; x_wconf 91' lang='lat' dir='ltr'>II,</span> <span class='ocrx_word' id='word_1_118' title='bbox 1409 1137 1559 1182; x_wconf 87' lang='lat' dir='ltr'>casiae</span> <span class='ocrx_word' id='word_1_119' title='bbox 1589 1138 1779 1183; x_wconf 88' lang='lat' dir='ltr'>corticis</span> 
     </span>
     <span class='ocr_line' id='line_1_16' title="bbox 178 1201 1843 1268; baseline 0.003 -20"><span class='ocrx_word' id='word_1_120' title='bbox 178 1201 218 1248; x_wconf 89' lang='lat' dir='ltr'>X</span> <span class='ocrx_word' id='word_1_121' title='bbox 250 1201 312 1262; x_wconf 86' lang='grc' dir='ltr'>ΙΙ,</span> <span class='ocrx_word' id='word_1_122' title='bbox 356 1203 440 1248; x_wconf 92' lang='lat' dir='ltr'>iris</span> <span class='ocrx_word' id='word_1_123' title='bbox 478 1202 569 1248; x_wconf 91' lang='lat' dir='ltr'>XI</span> <span class='ocrx_word' id='word_1_124' title='bbox 601 1201 654 1264; x_wconf 79' lang='lat' dir='ltr'>S,</span> <span class='ocrx_word' id='word_1_125' title='bbox 699 1204 792 1263; x_wconf 89' lang='lat' dir='ltr'>apii</span> <span class='ocrx_word' id='word_1_126' title='bbox 830 1204 1022 1249; x_wconf 92' lang='lat' dir='ltr'>seminis</span> <span class='ocrx_word' id='word_1_127' title='bbox 1059 1202 1099 1248; x_wconf 90' lang='lat' dir='ltr'>X</span> <span class='ocrx_word' id='word_1_128' title='bbox 1130 1203 1172 1248; x_wconf 91' lang='grc' dir='ltr'>ΙΙ</span> <span class='ocrx_word' id='word_1_129' title='bbox 1217 1210 1265 1250; x_wconf 87' lang='lat' dir='ltr'>et</span> <span class='ocrx_word' id='word_1_130' title='bbox 1307 1205 1495 1250; x_wconf 85' lang='lat' dir='ltr'>tertiam</span> <span class='ocrx_word' id='word_1_131' title='bbox 1534 1206 1778 1268; x_wconf 82' lang='lat' dir='ltr'>victoriati,</span> <span class='ocrx_word' id='word_1_132' title='bbox 1802 1222 1843 1252; x_wconf 81' lang='lat'>15</span> 
     </span>
     <span class='ocr_line' id='line_1_17' title="bbox 177 1271 1777 1334; baseline 0.003 -16"><span class='ocrx_word' id='word_1_133' title='bbox 177 1272 306 1318; x_wconf 88' lang='lat' dir='ltr'>acori</span> <span class='ocrx_word' id='word_1_134' title='bbox 344 1271 380 1318; x_wconf 84' lang='lat' dir='ltr'>X</span> <span class='ocrx_word' id='word_1_135' title='bbox 412 1271 446 1334; x_wconf 90' lang='lat' dir='ltr'>I,</span> <span class='ocrx_word' id='word_1_136' title='bbox 483 1286 599 1318; x_wconf 91' lang='lat' dir='ltr'>uvae</span> <span class='ocrx_word' id='word_1_137' title='bbox 629 1286 794 1332; x_wconf 89' lang='lat' dir='ltr'>passae</span> <span class='ocrx_word' id='word_1_138' title='bbox 825 1274 925 1318; x_wconf 90' lang='lat' dir='ltr'>sine</span> <span class='ocrx_word' id='word_1_139' title='bbox 956 1274 1112 1333; x_wconf 87' lang='lat' dir='ltr'>granis</span> <span class='ocrx_word' id='word_1_140' title='bbox 1143 1271 1183 1317; x_wconf 91' lang='lat' dir='ltr'>X</span> <span class='ocrx_word' id='word_1_141' title='bbox 1207 1271 1276 1319; x_wconf 92' lang='lat' dir='ltr'>VI.</span> <span class='ocrx_word' id='word_1_142' title='bbox 1333 1273 1457 1320; x_wconf 90' lang='lat' dir='ltr'>Haec</span> <span class='ocrx_word' id='word_1_143' title='bbox 1488 1277 1640 1322; x_wconf 89' lang='lat' dir='ltr'>omnia</span> <span class='ocrx_word' id='word_1_144' title='bbox 1671 1277 1777 1322; x_wconf 89' lang='lat' dir='ltr'>vino</span> 
     </span>
     <span class='ocr_line' id='line_1_18' title="bbox 176 1341 1776 1405; baseline 0.003 -18"><span class='ocrx_word' id='word_1_145' title='bbox 176 1341 363 1389; x_wconf 91' lang='lat' dir='ltr'>Ariusio</span> <span class='ocrx_word' id='word_1_146' title='bbox 402 1347 598 1388; x_wconf 89' lang='lat' dir='ltr'>contusa</span> <span class='ocrx_word' id='word_1_147' title='bbox 635 1341 932 1402; x_wconf 86' lang='lat' dir='ltr'>cribrataque</span> <span class='ocrx_word' id='word_1_148' title='bbox 971 1348 1368 1405; x_wconf 81' lang='lat' dir='ltr'>consparguntur3</span> <span class='ocrx_word' id='word_1_149' title='bbox 1407 1343 1573 1391; x_wconf 91' lang='lat' dir='ltr'>deinde</span> <span class='ocrx_word' id='word_1_150' title='bbox 1612 1359 1668 1391; x_wconf 85' lang='lat' dir='ltr'>ex</span> <span class='ocrx_word' id='word_1_151' title='bbox 1704 1345 1776 1392; x_wconf 91' lang='lat' dir='ltr'>his</span> 
     </span>
     <span class='ocr_line' id='line_1_19' title="bbox 176 1410 1774 1476; baseline 0.004 -20"><span class='ocrx_word' id='word_1_152' title='bbox 176 1411 296 1458; x_wconf 88' lang='lat' dir='ltr'>fiunt</span> <span class='ocrx_word' id='word_1_153' title='bbox 333 1411 506 1472; x_wconf 89' lang='lat' dir='ltr'>pastilli</span> <span class='ocrx_word' id='word_1_154' title='bbox 543 1410 583 1456; x_wconf 90' lang='lat' dir='ltr'>X</span> <span class='ocrx_word' id='word_1_155' title='bbox 622 1411 934 1474; x_wconf 85' lang='lat' dir='ltr'>singulorum,</span> <span class='ocrx_word' id='word_1_156' title='bbox 981 1413 1190 1472; x_wconf 90' lang='lat' dir='ltr'>quamvis</span> <span class='ocrx_word' id='word_1_157' title='bbox 1235 1420 1399 1459; x_wconf 91' lang='lat' dir='ltr'>auctor</span> <span class='ocrx_word' id='word_1_158' title='bbox 1444 1413 1566 1461; x_wconf 87' lang='lat' dir='ltr'>dieat</span> <span class='ocrx_word' id='word_1_159' title='bbox 1611 1429 1660 1461; x_wconf 91' lang='lat' dir='ltr'>se</span> <span class='ocrx_word' id='word_1_160' title='bbox 1697 1430 1774 1476; x_wconf 88' lang='lat' dir='ltr'>pa-</span> 
     </span>
     <span class='ocr_line' id='line_1_20' title="bbox 177 1480 1775 1545; baseline 0.003 -19"><span class='ocrx_word' id='word_1_161' title='bbox 177 1480 313 1527; x_wconf 88' lang='lat' dir='ltr'>stillis</span> <span class='ocrx_word' id='word_1_162' title='bbox 357 1495 497 1527; x_wconf 91' lang='lat' dir='ltr'>usum</span> <span class='ocrx_word' id='word_1_163' title='bbox 543 1482 683 1527; x_wconf 90' lang='lat' dir='ltr'>etiam</span> <span class='ocrx_word' id='word_1_164' title='bbox 727 1481 784 1527; x_wconf 89' lang='lat' dir='ltr'>ad</span> <span class='ocrx_word' id='word_1_165' title='bbox 829 1481 1010 1527; x_wconf 89' lang='lat' dir='ltr'>denarii</span> <span class='ocrx_word' id='word_1_166' title='bbox 1054 1482 1297 1528; x_wconf 90' lang='lat' dir='ltr'>semissem</span> <span class='ocrx_word' id='word_1_167' title='bbox 1342 1497 1449 1529; x_wconf 90' lang='lat' dir='ltr'>cum</span> <span class='ocrx_word' id='word_1_168' title='bbox 1493 1485 1588 1530; x_wconf 91' lang='lat' dir='ltr'>vini</span> <span class='ocrx_word' id='word_1_169' title='bbox 1634 1498 1775 1545; x_wconf 88' lang='lat' dir='ltr'>supra</span> 
     </span>
     <span class='ocr_line' id='line_1_21' title="bbox 176 1550 1839 1611; baseline 0.002 -15"><span class='ocrx_word' id='word_1_170' title='bbox 176 1550 290 1596; x_wconf 88' lang='lat' dir='ltr'>dicti</span> <span class='ocrx_word' id='word_1_171' title='bbox 330 1551 509 1611; x_wconf 80' lang='lat' dir='ltr'>cyatho,</span> <span class='ocrx_word' id='word_1_172' title='bbox 1797 1570 1839 1600; x_wconf 84' lang='lat'>20</span> 
     </span>
     <span class='ocr_line' id='line_1_22' title="bbox 315 1619 1773 1684; baseline 0.003 -19"><span class='ocrx_word' id='word_1_173' title='bbox 315 1619 708 1666; x_wconf 88' lang='lat' dir='ltr'>Medicamentum</span> <span class='ocrx_word' id='word_1_174' title='bbox 736 1621 907 1666; x_wconf 90' lang='lat' dir='ltr'>mirum</span> <span class='ocrx_word' id='word_1_175' title='bbox 939 1620 995 1666; x_wconf 92' lang='lat' dir='ltr'>ad</span> <span class='ocrx_word' id='word_1_176' title='bbox 1027 1619 1224 1682; x_wconf 89' lang='lat' dir='ltr'>cyliacos</span> <span class='ocrx_word' id='word_1_177' title='bbox 1256 1627 1303 1667; x_wconf 90' lang='lat' dir='ltr'>et</span> <span class='ocrx_word' id='word_1_178' title='bbox 1333 1635 1389 1667; x_wconf 82' lang='lat' dir='ltr'>ex</span> <span class='ocrx_word' id='word_1_179' title='bbox 1420 1622 1649 1669; x_wconf 87' lang='lat' dir='ltr'>cruditate</span> <span class='ocrx_word' id='word_1_180' title='bbox 1672 1637 1773 1684; x_wconf 86' lang='lat' dir='ltr'>gra-</span> 
     </span>
     <span class='ocr_line' id='line_1_23' title="bbox 175 1689 1773 1752; baseline 0.003 -17"><span class='ocrx_word' id='word_1_181' title='bbox 175 1689 365 1736; x_wconf 91' lang='lat' dir='ltr'>vedines</span> <span class='ocrx_word' id='word_1_182' title='bbox 404 1689 682 1750; x_wconf 90' lang='lat' dir='ltr'>doloresque</span> <span class='ocrx_word' id='word_1_183' title='bbox 721 1689 972 1736; x_wconf 89' lang='lat' dir='ltr'>cuiuslibet</span> <span class='ocrx_word' id='word_1_184' title='bbox 1000 1692 1147 1751; x_wconf 91' lang='lat' dir='ltr'>partis</span> <span class='ocrx_word' id='word_1_185' title='bbox 1178 1691 1228 1736; x_wconf 89' lang='lat' dir='ltr'>in</span> <span class='ocrx_word' id='word_1_186' title='bbox 1258 1705 1453 1752; x_wconf 90' lang='lat' dir='ltr'>corpore</span> <span class='ocrx_word' id='word_1_187' title='bbox 1485 1694 1773 1740; x_wconf 88' lang='lat' dir='ltr'>sustinentes</span> 
     </span>
     <span class='ocr_line' id='line_1_24' title="bbox 174 1758 1771 1809; baseline 0.003 -4"><span class='ocrx_word' id='word_1_188' title='bbox 174 1773 262 1805; x_wconf 88' lang='lat' dir='ltr'>nec</span> <span class='ocrx_word' id='word_1_189' title='bbox 306 1761 462 1806; x_wconf 90' lang='lat' dir='ltr'>minus</span> <span class='ocrx_word' id='word_1_190' title='bbox 507 1759 563 1805; x_wconf 88' lang='lat' dir='ltr'>ad</span> <span class='ocrx_word' id='word_1_191' title='bbox 608 1758 851 1806; x_wconf 90' lang='lat' dir='ltr'>oculorum</span> <span class='ocrx_word' id='word_1_192' title='bbox 900 1759 1011 1806; x_wconf 87' lang='lat' dir='ltr'>facit</span> <span class='ocrx_word' id='word_1_193' title='bbox 1055 1765 1101 1806; x_wconf 91' lang='lat' dir='ltr'>et</span> <span class='ocrx_word' id='word_1_194' title='bbox 1146 1761 1330 1806; x_wconf 90' lang='lat' dir='ltr'>renium</span> <span class='ocrx_word' id='word_1_195' title='bbox 1368 1761 1574 1807; x_wconf 91' lang='lat' dir='ltr'>dolorem</span> <span class='ocrx_word' id='word_1_196' title='bbox 1611 1776 1771 1809; x_wconf 88' lang='lat' dir='ltr'>arcen-</span> 
     </span>
     <span class='ocr_line' id='line_1_25' title="bbox 178 1828 1770 1888; baseline 0.003 -14"><span class='ocrx_word' id='word_1_197' title='bbox 178 1828 289 1874; x_wconf 90' lang='lat' dir='ltr'>dum</span> <span class='ocrx_word' id='word_1_198' title='bbox 328 1836 374 1875; x_wconf 92' lang='lat' dir='ltr'>et</span> <span class='ocrx_word' id='word_1_199' title='bbox 411 1828 468 1875; x_wconf 94' lang='lat' dir='ltr'>ad</span> <span class='ocrx_word' id='word_1_200' title='bbox 505 1828 710 1875; x_wconf 90' lang='lat' dir='ltr'>scabiem</span> <span class='ocrx_word' id='word_1_201' title='bbox 747 1830 952 1876; x_wconf 91' lang='lat' dir='ltr'>vessicae</span> <span class='ocrx_word' id='word_1_202' title='bbox 991 1835 1037 1875; x_wconf 89' lang='lat' dir='ltr'>et</span> <span class='ocrx_word' id='word_1_203' title='bbox 1073 1829 1130 1876; x_wconf 92' lang='lat' dir='ltr'>ad</span> <span class='ocrx_word' id='word_1_204' title='bbox 1167 1831 1388 1876; x_wconf 89' lang='lat' dir='ltr'>iocineris</span> <span class='ocrx_word' id='word_1_205' title='bbox 1426 1830 1657 1888; x_wconf 90' lang='lat' dir='ltr'>duritiam,</span> <span class='ocrx_word' id='word_1_206' title='bbox 1695 1846 1770 1878; x_wconf 87' lang='lat' dir='ltr'>ex-</span> 
     </span>
     <span class='ocr_line' id='line_1_26' title="bbox 177 1898 1833 1962; baseline 0.002 -18"><span class='ocrx_word' id='word_1_207' title='bbox 177 1899 322 1945; x_wconf 86' lang='lat' dir='ltr'>siccat</span> <span class='ocrx_word' id='word_1_208' title='bbox 373 1900 498 1945; x_wconf 90' lang='lat' dir='ltr'>enim</span> <span class='ocrx_word' id='word_1_209' title='bbox 551 1913 745 1961; x_wconf 80' lang='lat' dir='ltr'>corpus3</span> <span class='ocrx_word' id='word_1_210' title='bbox 796 1898 990 1959; x_wconf 91' lang='lat' dir='ltr'>prodest</span> <span class='ocrx_word' id='word_1_211' title='bbox 1042 1905 1089 1945; x_wconf 89' lang='lat' dir='ltr'>et</span> <span class='ocrx_word' id='word_1_212' title='bbox 1131 1899 1188 1945; x_wconf 89' lang='lat' dir='ltr'>ad</span> <span class='ocrx_word' id='word_1_213' title='bbox 1234 1901 1424 1962; x_wconf 84' lang='lat' dir='ltr'>arteria;</span> <span class='ocrx_word' id='word_1_214' title='bbox 1477 1900 1677 1962; x_wconf 91' lang='lat' dir='ltr'>denique</span> <span class='ocrx_word' id='word_1_215' title='bbox 1721 1902 1769 1947; x_wconf 90' lang='lat' dir='ltr'>in</span> <span class='ocrx_word' id='word_1_216' title='bbox 1791 1915 1833 1947; x_wconf 83' lang='lat'>25</span> 
     </span>
     <span class='ocr_line' id='line_1_27' title="bbox 173 1967 1768 2017; baseline 0.003 -4"><span class='ocrx_word' id='word_1_217' title='bbox 173 1967 391 2015; x_wconf 93' lang='lat' dir='ltr'>omnibus</span> <span class='ocrx_word' id='word_1_218' title='bbox 436 1967 755 2014; x_wconf 88' lang='lat' dir='ltr'>laborantibus</span> <span class='ocrx_word' id='word_1_219' title='bbox 801 1969 986 2015; x_wconf 91' lang='lat' dir='ltr'>adiuvat</span> <span class='ocrx_word' id='word_1_220' title='bbox 1031 1975 1077 2014; x_wconf 92' lang='lat' dir='ltr'>et</span> <span class='ocrx_word' id='word_1_221' title='bbox 1122 1971 1450 2016; x_wconf 89' lang='lat' dir='ltr'>concoctiones</span> <span class='ocrx_word' id='word_1_222' title='bbox 1496 1976 1542 2016; x_wconf 94' lang='lat' dir='ltr'>et</span> <span class='ocrx_word' id='word_1_223' title='bbox 1586 1971 1768 2017; x_wconf 89' lang='lat' dir='ltr'>urinam</span> 
     </span>
     <span class='ocr_line' id='line_1_28' title="bbox 172 2037 1768 2103; baseline 0.002 -20"><span class='ocrx_word' id='word_1_224' title='bbox 172 2044 340 2099; x_wconf 91' lang='lat' dir='ltr'>movet,</span> <span class='ocrx_word' id='word_1_225' title='bbox 371 2038 620 2084; x_wconf 90' lang='lat' dir='ltr'>conficitur</span> <span class='ocrx_word' id='word_1_226' title='bbox 652 2039 740 2084; x_wconf 87' lang='lat' dir='ltr'>sie:</span> <span class='ocrx_word' id='word_1_227' title='bbox 770 2037 916 2084; x_wconf 91' lang='lat' dir='ltr'>Nardi</span> <span class='ocrx_word' id='word_1_228' title='bbox 946 2037 1176 2100; x_wconf 82' lang='lat' dir='ltr'>Syriacae,</span> <span class='ocrx_word' id='word_1_229' title='bbox 1207 2040 1347 2101; x_wconf 89' lang='lat' dir='ltr'>croci,</span> <span class='ocrx_word' id='word_1_230' title='bbox 1376 2053 1573 2101; x_wconf 85' lang='lat' dir='ltr'>myrrae,</span> <span class='ocrx_word' id='word_1_231' title='bbox 1604 2042 1768 2103; x_wconf 87' lang='lat' dir='ltr'>casiae,</span> 
     </span>
     <span class='ocr_line' id='line_1_29' title="bbox 171 2107 1767 2170; baseline 0.001 -17"><span class='ocrx_word' id='word_1_232' title='bbox 171 2108 304 2169; x_wconf 89' lang='lat' dir='ltr'>costi,</span> <span class='ocrx_word' id='word_1_233' title='bbox 343 2109 559 2169; x_wconf 89' lang='lat' dir='ltr'>cinnami,</span> <span class='ocrx_word' id='word_1_234' title='bbox 597 2109 810 2169; x_wconf 89' lang='lat' dir='ltr'>castorei,</span> <span class='ocrx_word' id='word_1_235' title='bbox 850 2108 1040 2155; x_wconf 91' lang='lat' dir='ltr'>schoeni</span> <span class='ocrx_word' id='word_1_236' title='bbox 1074 2108 1217 2170; x_wconf 88' lang='lat' dir='ltr'>floris,</span> <span class='ocrx_word' id='word_1_237' title='bbox 1247 2109 1424 2169; x_wconf 89' lang='lat' dir='ltr'>piperis</span> <span class='ocrx_word' id='word_1_238' title='bbox 1455 2107 1560 2170; x_wconf 89' lang='lat' dir='ltr'>albi,</span> <span class='ocrx_word' id='word_1_239' title='bbox 1589 2110 1767 2169; x_wconf 89' lang='lat' dir='ltr'>piperis</span> 
     </span>
     <span class='ocr_line' id='line_1_30' title="bbox 170 2176 1765 2240; baseline 0.002 -18"><span class='ocrx_word' id='word_1_240' title='bbox 170 2176 318 2239; x_wconf 86' lang='lat' dir='ltr'>longi,</span> <span class='ocrx_word' id='word_1_241' title='bbox 357 2176 559 2238; x_wconf 86' lang='lat' dir='ltr'>galbani,</span> <span class='ocrx_word' id='word_1_242' title='bbox 597 2179 780 2223; x_wconf 88' lang='lat' dir='ltr'>resinae</span> <span class='ocrx_word' id='word_1_243' title='bbox 818 2177 1176 2240; x_wconf 87' lang='lat' dir='ltr'>terebinthinae,</span> <span class='ocrx_word' id='word_1_244' title='bbox 1215 2179 1424 2239; x_wconf 87' lang='lat' dir='ltr'>storacis,</span> <span class='ocrx_word' id='word_1_245' title='bbox 1463 2179 1570 2240; x_wconf 87' lang='lat' dir='ltr'>opii,</span> <span class='ocrx_word' id='word_1_246' title='bbox 1609 2180 1765 2238; x_wconf 85' lang='lat' dir='ltr'>singu-</span> 
     </span>
     <span class='ocr_line' id='line_1_31' title="bbox 168 2245 1828 2309; baseline 0.001 -18"><span class='ocrx_word' id='word_1_247' title='bbox 168 2245 322 2292; x_wconf 93' lang='lat' dir='ltr'>lorum</span> <span class='ocrx_word' id='word_1_248' title='bbox 360 2246 399 2291; x_wconf 90' lang='lat' dir='ltr'>X</span> <span class='ocrx_word' id='word_1_249' title='bbox 439 2252 738 2309; x_wconf 84' lang='lat' dir='ltr'>quarternOS,</span> <span class='ocrx_word' id='word_1_250' title='bbox 783 2247 947 2294; x_wconf 89' lang='lat' dir='ltr'>alterci</span> <span class='ocrx_word' id='word_1_251' title='bbox 984 2249 1195 2309; x_wconf 89' lang='lat' dir='ltr'>seminis,</span> <span class='ocrx_word' id='word_1_252' title='bbox 1240 2248 1387 2308; x_wconf 86' lang='lat' dir='ltr'>anesi,</span> <span class='ocrx_word' id='word_1_253' title='bbox 1429 2248 1521 2307; x_wconf 91' lang='lat' dir='ltr'>apii</span> <span class='ocrx_word' id='word_1_254' title='bbox 1558 2249 1763 2309; x_wconf 90' lang='lat' dir='ltr'>seminis,</span> <span class='ocrx_word' id='word_1_255' title='bbox 1787 2263 1828 2293; x_wconf 83' lang='lat'>30</span> 
     </span>
     <span class='ocr_line' id='line_1_32' title="bbox 169 2315 1766 2380; baseline 0.001 -19"><span class='ocrx_word' id='word_1_256' title='bbox 169 2315 461 2376; x_wconf 85' lang='lat' dir='ltr'>singulorum</span> <span class='ocrx_word' id='word_1_257' title='bbox 492 2315 532 2361; x_wconf 93' lang='lat' dir='ltr'>X</span> <span class='ocrx_word' id='word_1_258' title='bbox 565 2318 747 2379; x_wconf 88' lang='lat' dir='ltr'>quinos,</span> <span class='ocrx_word' id='word_1_259' title='bbox 778 2317 1068 2378; x_wconf 84' lang='lat' dir='ltr'>tragacanthi</span> <span class='ocrx_word' id='word_1_260' title='bbox 1098 2317 1138 2363; x_wconf 93' lang='lat' dir='ltr'>X</span> <span class='ocrx_word' id='word_1_261' title='bbox 1160 2316 1232 2380; x_wconf 92' lang='lat' dir='ltr'>VI,</span> <span class='ocrx_word' id='word_1_262' title='bbox 1261 2315 1424 2378; x_wconf 91' lang='lat' dir='ltr'>mellis,</span> <span class='ocrx_word' id='word_1_263' title='bbox 1454 2317 1549 2362; x_wconf 90' lang='lat' dir='ltr'>vini</span> <span class='ocrx_word' id='word_1_264' title='bbox 1578 2315 1766 2363; x_wconf 90' lang='lat' dir='ltr'>Falerni</span> 
     </span>
    </p>
   </div>
   <div class='ocr_carea' id='block_1_3' title="bbox 163 2463 1761 2784">
    <p class='ocr_par' dir='ltr' id='par_1_3' title="bbox 163 2463 1761 2784">
     <span class='ocr_line' id='line_1_33' title="bbox 309 2463 1761 2519; baseline 0.001 -14"><span class='ocrx_word' id='word_1_265' title='bbox 309 2468 333 2505; x_wconf 90' lang='lat'><strong>3</strong></span> <span class='ocrx_word' id='word_1_266' title='bbox 365 2464 495 2517; x_wconf 83' lang='lat' dir='ltr'>cythe</span> <span class='ocrx_word' id='word_1_267' title='bbox 514 2497 522 2505; x_wconf 94' lang='lat'>.</span> <span class='ocrx_word' id='word_1_268' title='bbox 543 2498 551 2507; x_wconf 90' lang='lat'><strong>.</strong></span> <span class='ocrx_word' id='word_1_269' title='bbox 573 2463 734 2505; x_wconf 83' lang='lat' dir='ltr'>‚ricem</span> <span class='ocrx_word' id='word_1_270' title='bbox 763 2464 937 2517; x_wconf 81' lang='lat' dir='ltr'>pienam</span> <span class='ocrx_word' id='word_1_271' title='bbox 967 2465 1078 2519; x_wconf 81' lang='lat' dir='ltr'>(sic).</span> <span class='ocrx_word' id='word_1_272' title='bbox 1198 2468 1224 2504; x_wconf 88' lang='lat'>4</span> <span class='ocrx_word' id='word_1_273' title='bbox 1255 2463 1473 2505; x_wconf 82' lang='lat' dir='ltr'>abellana.</span> <span class='ocrx_word' id='word_1_274' title='bbox 1600 2469 1624 2505; x_wconf 90' lang='grc'><strong>6</strong></span> <span class='ocrx_word' id='word_1_275' title='bbox 1656 2464 1761 2507; x_wconf 90' lang='lat' dir='ltr'>duo-</span> 
     </span>
     <span class='ocr_line' id='line_1_34' title="bbox 167 2518 1759 2573; baseline 0.002 -14"><span class='ocrx_word' id='word_1_276' title='bbox 167 2518 427 2561; x_wconf 77' lang='lat' dir='ltr'>decatheon.</span> <span class='ocrx_word' id='word_1_277' title='bbox 571 2524 596 2561; x_wconf 88' lang='lat'>8</span> <span class='ocrx_word' id='word_1_278' title='bbox 625 2519 966 2562; x_wconf 79' lang='lat' dir='ltr'>inbicillitatem.</span> <span class='ocrx_word' id='word_1_279' title='bbox 1110 2525 1133 2562; x_wconf 87' lang='lat'>9</span> <span class='ocrx_word' id='word_1_280' title='bbox 1165 2518 1370 2561; x_wconf 86' lang='lat' dir='ltr'>lienosus.</span> <span class='ocrx_word' id='word_1_281' title='bbox 1513 2518 1759 2573; x_wconf 82' lang='lat' dir='ltr'>ydropicos.</span> 
     </span>
     <span class='ocr_line' id='line_1_35' title="bbox 168 2574 1758 2630; baseline 0.003 -16"><span class='ocrx_word' id='word_1_282' title='bbox 168 2578 220 2615; x_wconf 92' lang='lat'>10</span> <span class='ocrx_word' id='word_1_283' title='bbox 252 2574 572 2617; x_wconf 80' lang='lat' dir='ltr'>difficultatem.</span> <span class='ocrx_word' id='word_1_284' title='bbox 744 2577 980 2630; x_wconf 82' lang='lat' dir='ltr'>crapolam.</span> <span class='ocrx_word' id='word_1_285' title='bbox 1142 2578 1189 2615; x_wconf 93' lang='lat'>11</span> <span class='ocrx_word' id='word_1_286' title='bbox 1223 2577 1342 2628; x_wconf 82' lang='lat' dir='ltr'>poto.</span> <span class='ocrx_word' id='word_1_287' title='bbox 1507 2575 1758 2618; x_wconf 60' lang='lat' dir='ltr'>stomachis</span> 
     </span>
     <span class='ocr_line' id='line_1_36' title="bbox 165 2629 1759 2684; baseline 0.002 -14"><span class='ocrx_word' id='word_1_288' title='bbox 165 2633 219 2670; x_wconf 82' lang='lat'>20</span> <span class='ocrx_word' id='word_1_289' title='bbox 251 2629 382 2674; x_wconf 81' lang='lat' dir='ltr'>dicte.</span> <span class='ocrx_word' id='word_1_290' title='bbox 508 2635 560 2672; x_wconf 83' lang='lat'>25</span> <span class='ocrx_word' id='word_1_291' title='bbox 593 2631 798 2673; x_wconf 81' lang='lat' dir='ltr'>arteriam</span> <span class='ocrx_word' id='word_1_292' title='bbox 832 2631 1083 2674; x_wconf 71' lang='lat' dir='ltr'>Cornarius.</span> <span class='ocrx_word' id='word_1_293' title='bbox 1199 2635 1252 2672; x_wconf 79' lang='lat'>26</span> <span class='ocrx_word' id='word_1_294' title='bbox 1287 2631 1549 2673; x_wconf 70' lang='lat' dir='ltr'>laborantes</span> <span class='ocrx_word' id='word_1_295' title='bbox 1657 2636 1759 2684; x_wconf 75' lang='lat' dir='ltr'>post</span> 
     </span>
     <span class='ocr_line' id='line_1_37' title="bbox 163 2685 1756 2731; baseline 0.001 -6"><span class='ocrx_word' id='word_1_296' title='bbox 163 2685 468 2728; x_wconf 82' lang='lat' dir='ltr'>concoctiones</span> <span class='ocrx_word' id='word_1_297' title='bbox 499 2688 601 2728; x_wconf 83' lang='lat' dir='ltr'>add.</span> <span class='ocrx_word' id='word_1_298' title='bbox 633 2687 842 2731; x_wconf 79' lang='lat' dir='ltr'>removet.</span> <span class='ocrx_word' id='word_1_299' title='bbox 959 2692 1012 2729; x_wconf 79' lang='lat'>28</span> <span class='ocrx_word' id='word_1_300' title='bbox 1045 2686 1203 2728; x_wconf 86' lang='lat' dir='ltr'>scoeni.</span> <span class='ocrx_word' id='word_1_301' title='bbox 1320 2686 1461 2729; x_wconf 81' lang='lat' dir='ltr'>flores.</span> <span class='ocrx_word' id='word_1_302' title='bbox 1562 2690 1615 2728; x_wconf 82' lang='lat'>29</span> <span class='ocrx_word' id='word_1_303' title='bbox 1646 2689 1756 2728; x_wconf 83' lang='lat' dir='ltr'>tere-</span> 
     </span>
     <span class='ocr_line' id='line_1_38' title="bbox 163 2740 749 2784; baseline 0.007 -4"><span class='ocrx_word' id='word_1_304' title='bbox 163 2740 373 2783; x_wconf 80' lang='lat' dir='ltr'>bintinae.</span> <span class='ocrx_word' id='word_1_305' title='bbox 490 2741 749 2784; x_wconf 73' lang='lat' dir='ltr'>sthorachis.</span> 
     </span>
    </p>
   </div>
  </div>
 </body>
</html>
