1898 3016
768 107 1110 156 ...67-

146 236 315 284 lavabis
368 242 411 282 et
465 250 707 297 expressas
760 234 928 282 sabano
982 234 1199 298 siccabiS,
1252 236 1417 282 deinde
1471 235 1640 282 tundes
1688 237 1735 282 in

145 308 306 369 pisone
351 319 610 352 marmoreo
657 312 703 352 et
744 319 907 351 sucum
951 304 1059 351 iude
1096 304 1238 351 linteo
1277 307 1451 352 intorto
1490 307 1738 367 exprimes,

146 385 242 423 tum
281 375 443 421 leviter
480 375 535 421 ad
571 374 796 421 carbones
832 374 1155 435 despumatum
1189 375 1437 435 tepefacies
1470 381 1516 421 et
1547 375 1737 422 naribus

144 444 381 506 infundes,
424 445 484 490 ita
525 451 577 490 ut
614 446 652 490 is
691 446 767 491 cui
804 443 1066 491 medeberis
1111 459 1276 504 aquam
1325 444 1523 505 tepidam
1570 447 1615 491 in
1654 459 1736 491 ore

102 516 399 577 scontineat,
452 520 497 560 et
550 515 589 560 si
641 528 761 560 unus
814 513 978 560 oculus
1029 513 1276 577 laborabit,
1330 514 1538 560 diversae
1590 515 1734 574 partis

144 599 279 631 nares
310 583 527 630 infundes
559 590 605 630 et
635 583 768 630 melle
801 583 952 630 Attico
984 585 1237 645 continges
1298 583 1346 629 Si
1378 589 1531 630 tamen
1563 583 1735 630 videris

143 653 302 700 oculos
341 654 442 700 suci
471 652 594 699 illius
625 653 858 699 infusione
888 653 1115 716 turbatos,
1153 652 1338 715 herbae,
1378 668 1516 715 quam
1548 653 1734 714 quidam

143 723 422 770 cerebellum
452 724 578 770 canis
610 722 854 785 appellant,
885 723 1014 768 radix
1042 738 1098 768 ex
1129 737 1245 783 aqua
1277 723 1555 784 decoquitur
1586 736 1735 783 eoque

144 807 302 840 umore
348 791 469 839 oculi
506 792 728 839 adversus
767 791 1013 853 epiphoras
1051 791 1229 838 utiliter
1267 792 1494 839 foventur.
1569 791 1735 838 Farina

79 875 118 906 ιο
141 862 374 909 hordiacia
419 868 466 909 et
509 861 622 923 galla
662 869 855 908 contusa
893 876 998 910 cum
1037 876 1155 923 aqua
1192 863 1420 923 permixta
1461 867 1507 908 et
1544 861 1736 908 collecta

142 931 289 979 oculis
340 946 445 978 cum
498 938 658 993 tepore
711 932 910 992 inposita
959 938 1166 995 tumores
1213 931 1491 992 doloresque
1537 930 1735 977 sedabis.

141 1001 445 1049 Coriandrum
495 1001 641 1047 viride
686 1002 849 1047 tritum
895 1000 1094 1062 laetique
1140 1000 1351 1047 mulieris
1395 1001 1641 1047 inmixtum
1687 1007 1734 1047 et

141 1071 428 1118 tumentibus
467 1071 538 1117 vel
572 1070 838 1117 dolentibus
868 1070 1016 1117 oculis
1047 1070 1309 1131 adpositum
1343 1072 1498 1117 statim
1527 1070 1734 1132 prodest,

141 1141 263 1187 idem
301 1147 347 1187 et
384 1142 539 1201 apium
575 1146 781 1200 praestat
818 1140 1031 1186 similiter
1067 1141 1335 1200 inpositum.
1409 1139 1502 1187 Ros
1533 1139 1733 1186 caeleste

79 1223 279 1256 1511131111
320 1210 489 1256 munda
534 1209 779 1256 collectum
827 1215 872 1256 et
918 1215 1050 1256 rutae
1089 1209 1321 1256 silvaticae
1360 1217 1581 1255 contusae
1621 1223 1734 1256 suco

141 1280 395 1326 admixtum
426 1281 472 1325 in
504 1278 717 1340 plumbea
748 1279 914 1340 pyxide
946 1279 1254 1341 reconditum,
1284 1293 1390 1326 cum
1430 1293 1547 1339 opus
1577 1279 1734 1341 fuerit,

140 1349 384 1395 adversum
423 1348 670 1410 epiphoras
706 1348 948 1395 oculorum
981 1349 1122 1394 fronti
1153 1354 1198 1395 et
1229 1348 1493 1410 superciliis
1523 1349 1734 1409 inpones.

140 1418 270 1480 Vin0,
300 1420 347 1465 in
379 1432 469 1479 quo
500 1417 658 1464 laurus
690 1418 831 1464 fuerit
861 1418 1096 1480 decoctus,
1127 1417 1250 1465 oculi
1280 1418 1363 1464 foti
1387 1417 1546 1464 dolore
1570 1425 1733 1478 poten-

141 1490 317 1534 tissime
347 1486 636 1534 levabuntur.
698 1486 838 1548 Spina
868 1486 968 1533 alba
1000 1486 1227 1534 conbusta
1258 1493 1304 1534 et
1333 1486 1453 1533 bene
1484 1489 1592 1534 trita
1625 1502 1730 1534 cum

77 1569 224 1603 soovo
270 1556 540 1618 superinlita
585 1556 656 1602 vel
700 1559 889 1603 inuncta
931 1556 1061 1603 sedat
1107 1557 1301 1603 mirifice
1347 1556 1532 1603 dolores
1578 1557 1731 1603 oculo-

140 1641 257 1673 rum.
317 1626 468 1673 Gallae
507 1627 732 1672 contritae
766 1627 976 1687 turisque
1008 1628 1109 1688 pari
1138 1626 1274 1672 modo
1305 1626 1458 1687 pulvis
1488 1627 1594 1672 vino
1625 1641 1730 1688 per-

139 1699 309 1743 mixtus
364 1702 409 1742 et
462 1696 603 1742 fronti
647 1695 808 1742 inlitus
852 1702 1083 1742 tumorem
1130 1695 1371 1743 oculorum
1424 1695 1725 1757 doloremque

140 1766 280 1812 sedat.
355 1764 528 1812 Crebro
574 1765 867 1812 lacrimantes
912 1765 1071 1812 oculos
1117 1772 1168 1812 ut
1212 1767 1440 1827 exsicces,
1485 1765 1725 1812 lucernam

140 1835 240 1881 oleo
285 1834 474 1881 cedrino
519 1834 743 1895 repletam
789 1849 1122 1896 accensamque
1162 1837 1458 1896 superposito
1497 1835 1569 1881 vel
1605 1837 1733 1882 iuxta

76 1917 118 1948 25
141 1919 367 1965 suspenso
406 1918 549 1950 aeneo
587 1904 773 1950 vasculo
810 1906 1028 1965 permitte
1067 1906 1300 1967 consumi,
1344 1904 1451 1951 inde
1491 1903 1732 1966 fuliginem

139 1973 378 2020 collectam
422 1975 469 2019 in
514 1973 680 2035 pyxide
726 1976 914 2035 cyprina
959 1974 1160 2020 reconde
1206 1979 1252 2020 et
1290 1989 1395 2021 cum
1433 1988 1550 2035 opus
1589 1975 1733 2021 fuerit

136 2045 323 2106 inunge,
352 2043 596 2091 miraberis
627 2043 879 2090 efficaciam
910 2043 1248 2090 medicamenti.
1305 2043 1534 2104 Caprinus
1565 2058 1729 2091 caseus

137 2127 302 2160 recens
347 2112 615 2174 coagulatus
655 2127 794 2174 supra
834 2112 991 2159 oculos
1030 2114 1210 2174 positus
1249 2112 1432 2159 dolores
1470 2114 1562 2160 cito
1601 2113 1726 2160 lenit.

136 2182 343 2230 Rumicis
375 2182 571 2229 silvatici
596 2182 800 2229 radicem
831 2182 938 2229 luna
970 2182 1270 2229 decrescente
1302 2182 1464 2244 collige
1496 2188 1542 2229 et
1573 2188 1728 2229 tecum

75 2263 115 2295 80
137 2251 304 2300 habeto
342 2253 642 2299 nitidissime:
681 2252 901 2313 quamdiu
932 2266 1030 2298 eam
1061 2259 1217 2298 tecum
1246 2251 1481 2313 habueris,
1519 2266 1612 2298 non
1643 2251 1726 2313 lip-

137 2324 249 2383 pies.
294 2322 586 2369 Democritus
611 2322 834 2384 adfirmat,
867 2321 972 2368 felle
993 2322 1194 2383 hyaenae
1218 2323 1258 2368 si
1281 2322 1408 2367 frons
1433 2321 1728 2385 perfricetur,

138 2391 384 2453 epiphoras
406 2393 684 2452 incipientes
708 2398 753 2438 et
777 2406 960 2438 omnem
985 2391 1226 2438 oculorum
1251 2391 1457 2437 dolorem
1489 2405 1626 2452 posse
1657 2406 1725 2437 se-

138 2461 249 2508 dari.
310 2461 357 2508 Si
395 2461 604 2508 mulieris
642 2461 793 2523 saliva,
833 2476 949 2522 quae
987 2475 1158 2522 pueros
1196 2476 1287 2507 non
1319 2460 1496 2522 puellas
1526 2460 1726 2507 ediderit

1767 803 1819 840 33

1764 1011 1819 1048 34

1764 1150 1817 1188 35

1764 1428 1817 1466 36

1763 1497 1816 1535 37

1762 1637 1815 1675 38

1762 1776 1814 1814 39

1760 2054 1814 2092 40

1759 2194 1811 2231 41

1758 2333 1811 2370 42

1757 2473 1808 2510 43

138 2538 182 2577 et
216 2530 492 2578 abstinuerit
522 2545 571 2577 se
603 2531 752 2592 pridie
783 2532 889 2577 vino
922 2538 967 2577 et
998 2530 1114 2577 cibis
1145 2530 1404 2577 acrioribus
1435 2536 1481 2577 et
1511 2532 1724 2592 inprimis
1792 2564 1794 2567 f

74 2610 114 2643 35
137 2602 176 2646 si
213 2615 329 2662 pura
367 2607 413 2648 et
450 2601 595 2647 nitida
633 2603 735 2663 erit,
773 2600 965 2661 angulos
1003 2600 1243 2647 oculorum
1283 2602 1505 2662 tetigeris,
1543 2614 1726 2646 omnem

252 2753 301 2790 10
332 2747 536 2790 ordiaeia.
671 2752 720 2789 16
750 2746 912 2801 pixide.
1043 2751 1094 2789 27
1127 2746 1333 2789 efficacia.
1455 2751 1509 2790 30
1538 2746 1725 2802 lyppies.

1423 2818 1473 2858 5*
