1898 3016
789 119 1164 170 —219—

175 250 370 298 iacentis
406 255 619 310 ponatur.
678 247 789 295 Post
826 248 987 295 horam
1025 262 1164 309 quam
1201 247 1290 294 hoc
1329 248 1496 294 feceris
1535 247 1592 294 (le
1624 246 1770 294 nardo

175 319 332 381 tepido
378 318 668 365 stomachum
713 318 990 379 perfricabis
1035 325 1081 364 et
1125 318 1182 364 de
1229 317 1400 364 sabano
1442 317 1570 364 molli
1606 316 1772 363 leviter

176 388 455 450 detergebis,
494 389 662 435 deinde
698 389 937 435 infirmum
975 387 1272 434 deambulare
1312 389 1469 434 facies.

313 457 553 506 Confectio
592 458 892 520 epithematii,
931 458 1052 520 quod
1092 457 1320 504 stomachi
1357 462 1564 503 vetustas
1598 470 1763 502 causas
1777 464 1854 503 146

130 541 151 575 5
175 528 389 576 emendat
425 534 472 575 et
510 528 566 574 ad
605 529 913 589 digestionem
951 528 1214 575 confirmat:
1256 526 1434 589 Geram,
1471 540 1633 573 sevum
1671 531 1770 572 tau-

171 600 349 660 rinum,
394 598 644 645 medullam
692 599 947 659 cervinam,
994 599 1241 658 axungiam
1286 603 1514 659 veterem,
1564 597 1770 642 resinam

171 668 547 729 terebinthinam,
585 667 754 713 horum
791 667 1001 728 pondera
1039 667 1219 727 singula
1250 666 1457 727 aequalia
1487 667 1660 727 mittes,
1692 665 1768 711 de-

170 738 279 784 inde
318 738 490 784 adicies
529 736 677 783 mellis
720 763 779 768 —
813 737 889 798 Ill,
928 739 1135 783 masticis
1175 763 1238 770 ——-
1273 736 1355 799 ΙΙΙ,
1394 751 1512 797 quae
1550 735 1768 796 liquanda

171 807 347 854 fuerint
384 806 584 868 liquabis
622 814 669 853 et
707 821 823 867 quae
856 806 1093 852 tundenda
1124 806 1294 852 tundes
1326 813 1372 852 et
1402 808 1469 852 sic
1502 806 1769 852 consectum

108 889 149 920 10
170 877 461 924 medicamen
498 878 544 923 in
583 875 726 922 linteo
765 876 1027 936 adponetur
1065 875 1328 939 stomacho,
1365 875 1490 936 quod
1530 882 1636 922 ante
1674 888 1769 920 mo-

170 955 380 994 mentum
416 946 603 1008 prandii
640 945 852 992 subtrahi
889 947 1119 992 convenit.

309 1016 425 1063 Item
456 1016 578 1062 aliud
611 1016 857 1077 epithema,
882 1015 1006 1076 quod
1030 1015 1284 1062 efficaciter
1309 1014 1502 1075 prodest
1526 1013 1762 1060 stomacho
1776 1022 1854 1060 147

171 1092 218 1132 et
255 1085 535 1132 viscerIbus:
574 1085 780 1132 Storacis
817 1111 886 1117 -—
909 1084 963 1147 II,
1001 1084 1125 1131 aloes
1167 1084 1309 1146 -ΙΙ,
1347 1083 1613 1145 petrosilini
1650 1108 1709 1115 --
1736 1082 1770 1144 Ι,

172 1170 306 1202 cerae
337 1155 387 1203 P.
417 1155 451 1218 Ι,
488 1155 620 1202 nardi
651 1155 698 1202 P.
730 1155 764 1217 I,
803 1156 1010 1201 masticis
1043 1180 1109 1187 —-
1137 1153 1193 1216 II,
1234 1156 1417 1200 resinae
1449 1155 1612 1200 frictae
1643 1152 1691 1199 P.
1725 1152 1771 1215 S,

106 1236 148 1268 15
171 1227 353 1272 resinae
398 1225 741 1271 terebinthinae
784 1250 841 1257 —
884 1224 946 1287 ΙΙ,
992 1239 1109 1285 quae
1155 1223 1373 1284 liquanda
1414 1229 1526 1269 sunt
1569 1221 1771 1283 liquabis

171 1301 218 1342 et
255 1310 372 1356 quae
404 1295 640 1341 tundenda
679 1294 847 1341 tundes
885 1301 931 1340 et
968 1293 1274 1354 permiscebis
1313 1299 1360 1339 et
1398 1294 1465 1339 sic
1504 1293 1771 1339 confectum

170 1365 459 1412 medicamen
498 1364 712 1410 similiter
749 1363 891 1410 linteo
930 1363 1175 1410 inductum
1213 1362 1452 1409 stomacho
1491 1362 1709 1423 adpones.

310 1434 379 1481 Ad
424 1434 792 1481 confirmandum
839 1433 1131 1480 stomachum
1170 1433 1240 1478 vel
1286 1433 1679 1494 conservandum,
1725 1432 1855 1478 si148

171 1506 277 1565 quis
321 1505 558 1550 infirmum
602 1503 742 1550 habet
786 1504 843 1550 de
889 1509 1143 1564 quartanae
1188 1502 1371 1564 labore,
1416 1502 1771 1563 epithematium

106 1585 150 1616 20
173 1580 334 1621 tenue:
385 1574 621 1634 Axungiae
658 1574 900 1634 porcinae,
939 1572 1116 1634 butyri,
1154 1574 1336 1618 resinae
1375 1572 1561 1632 frictae,
1597 1570 1771 1617 herbae

173 1643 383 1705 Sabinae,
421 1658 555 1690 cerae
586 1643 717 1689 rufae
747 1643 890 1689 libras
922 1643 1142 1704 singulas,
1172 1656 1391 1688 cerussae
1427 1668 1484 1674 —-
1521 1641 1597 1703 111,
1636 1655 1771 1687 cerae

170 1713 390 1760 Ponticae
428 1738 494 1745 —-
526 1712 600 1759 111.
664 1712 789 1759 Haec
827 1714 980 1758 omnia
1018 1726 1232 1758 seorsum
1269 1717 1429 1772 parata
1465 1710 1687 1757 miscebis
1725 1716 1771 1757 et

172 1783 312 1830 simul
349 1783 583 1843 decoques
622 1789 668 1829 et
704 1785 771 1829 sic
810 1783 971 1829 uteris.

312 1852 573 1912 Descriptio
603 1851 849 1913 Polyarchi
886 1852 942 1898 ad
977 1851 1270 1898 stomachum
1306 1856 1414 1911 post
1451 1850 1656 1896 diutinas
1697 1849 1759 1896 fe·
1774 1857 1852 1895 149

107 1934 149 1964 25
172 1921 327 1969 brium
365 1921 600 1968 molestias
639 1921 1033 1982 componendum:
1076 1920 1236 1967 Casiae
1272 1946 1331 1953 -
1366 1919 1402 1982 Ι,
1444 1934 1576 1966 rosae
1615 1921 1767 1966 siccae

171 2017 241 2024 —
284 1991 324 2054 Ι,
370 1993 530 2053 cyperi
577 2018 636 2024 —
689 1991 728 2053 I,
774 1991 1056 2037 cardamomi
1103 2016 1163 2023 —-
1212 1990 1252 2051 Ι,
1299 1989 1598 2036 nardostachi
1639 2015 1695 2022 —
1738 1989 1772 2051 Ι,

173 2061 308 2107 nardi
331 2061 494 2108 Celtici
522 2086 580 2093 —
607 2060 640 2123 I,
664 2060 940 2107 malabathri
967 2087 1026 2094 —
1053 2060 1087 2123 Ι,
1110 2061 1194 2106 iris
1218 2060 1427 2121 Illyricae
1456 2086 1515 2092 —
1542 2059 1575 2121 Ι,
1601 2073 1771 2105 oenan—

172 2130 277 2177 thes
320 2157 376 2163 —
412 2130 452 2194 I,
490 2132 698 2177 masticis
737 2130 876 2177 Chiae
915 2157 980 2163 —-
1011 2130 1053 2191 Ι,
1091 2131 1219 2176 croci
1256 2155 1322 2163 -
1354 2130 1395 2192 Ι,
1434 2130 1604 2175 amomi
1641 2154 1707 2160 —
1738 2127 1772 2190 Ι,

173 2200 367 2247 meliloti
409 2226 465 2233 ——
499 2199 533 2262 I,
571 2200 776 2247 absinthi
815 2226 878 2233 —-
909 2199 943 2262 I,
981 2201 1101 2246 costi
1134 2225 1194 2232 —
1227 2199 1260 2261 Ι,
1299 2206 1456 2260 guttae
1495 2199 1774 2244 ammoniaci

109 2281 152 2312 30
180 2295 238 2303 -
265 2270 298 2333 I,
329 2270 453 2317 aloes
485 2295 552 2302 -—
576 2269 609 2331 I,
641 2272 760 2317 turis
795 2295 854 2304 -
882 2269 915 2331 Ι,
945 2283 1128 2330 myrrae
1156 2294 1215 2301 -—
1242 2268 1276 2331 Ι,
1314 2268 1472 2315 bdellii
1502 2264 1628 2328 drag.
1652 2266 1768 2328 VIII,

173 2342 369 2387 storacis
413 2337 538 2402 drag.
583 2339 624 2386 X
668 2341 718 2386 in
762 2341 868 2386 vino
916 2339 1119 2401 infusae,
1162 2338 1464 2400 xylobalsami
1508 2335 1636 2398 drag.
1674 2336 1773 2397 1111,

314 2490 342 2528 4
378 2487 661 2540 epithimatii.
693 2511 745 2518 —
778 2487 902 2530 Haec
937 2486 1184 2540 compositio
1221 2491 1261 2528 et
1296 2499 1405 2539 quae
1447 2485 1642 2540 sequitur
1683 2485 1774 2526 iam
1831 2485 1836 2491 '

174 2554 310 2595 supra
346 2557 374 2585 a
411 2543 620 2585 Marcello
652 2545 822 2596 positae
857 2547 984 2596 sunt5
1021 2544 1078 2595 cf.
1114 2542 1146 2597 5
1175 2545 1264 2585 102
1302 2546 1341 2584 et
1380 2545 1479 2584 103.
1546 2541 1644 2582 Hoc
1681 2540 1772 2582 loeo

169 2599 330 2651 paucis
365 2599 504 2640 verbis
539 2601 718 2642 mutatis
754 2600 957 2652 repetitae
993 2602 1096 2641 sunt
1133 2602 1212 2640 aut
1241 2598 1295 2639 ab
1333 2598 1427 2651 ipso
1456 2597 1667 2649 scriptore
1695 2597 1773 2638 im-

175 2654 350 2695 memori
399 2655 678 2697 remediorum
729 2656 818 2697 iam
874 2655 1151 2697 laudatorum
1209 2657 1287 2695 aut
1341 2654 1396 2695 ab
1453 2653 1773 2704 interpolatore.

179 2713 202 2750 7
234 2708 558 2752 terebintinam.
654 2714 705 2752 12
738 2709 967 2764 epithima.
1065 2714 1115 2751 17
1146 2708 1435 2751 stomachum.
1533 2711 1586 2750 27
1616 2707 1775 2749 nardo·

177 2763 338 2806 celtici.
464 2765 672 2808 inanthis.
802 2769 855 2808 30
887 2765 1037 2808 delliu.
1171 2769 1222 2806 31
1255 2763 1485 2806 storachis.
