1898 3016
753 121 1134 171 -123—

147 253 305 312 nigrae
343 251 513 297 radicis
553 264 716 296 sucum
756 249 826 296 vel
864 249 1071 295 eiusdem
1111 247 1328 294 soliorum
1366 261 1531 293 sucum
1571 246 1608 292 X
1641 245 1739 292 1111.

148 320 311 368 Omnia
348 322 457 366 trita
495 321 541 366 in
580 333 726 366 unum
764 327 1139 380 consparguntur
1176 324 1223 363 et
1260 323 1661 376 concorporantur
1695 322 1741 362 et

148 389 283 437 melle
314 389 597 450 colliguntur
626 396 765 450 atque
796 391 873 450 ita,
904 395 957 435 ut
987 401 1126 449 supra
1158 388 1386 447 scriptum
1412 393 1496 448 est,
1531 386 1742 431 confecta

146 459 356 506 maxillae
393 459 449 505 ad
489 459 743 505 sedandum
782 458 990 504 dolorem
1028 457 1237 503 dentium
1283 463 1329 502 et
1366 457 1655 516 gingivarum
1694 463 1741 501 et

105 531 412 590 sgeusiarum
450 527 743 574 adhibentur.
818 528 1034 574 Dentium
1073 526 1280 571 dolorem
1323 524 1517 586 sedabit,
1556 526 1595 570 si
1634 525 1739 584 quis
1770 533 1823 570 20

145 613 335 660 gramen
379 599 592 645 masticet
634 599 865 658 patienter
916 603 962 643 et
1005 598 1053 642 111
1099 595 1272 642 doloris
1314 594 1466 640 locum
1512 593 1738 640 conlocet.

147 668 291 715 Cavos
328 668 491 715 dentes
529 668 646 713 cinis
683 668 858 713 murini
893 667 990 712 fimi
1026 667 1258 726 inpositus
1289 671 1420 710 sanat
1450 670 1496 709 et
1531 663 1737 725 supplet3
1771 672 1822 709 21

146 738 366 785 dicuntur
403 738 567 784 dentes
605 738 648 783 ei
682 750 774 783 non
806 744 1078 797 putrescere
1109 749 1196 780 nec
1226 733 1455 794 vacillare,
1493 735 1574 794 qui
1605 746 1739 778 mane

146 808 330 854 ieiunus
360 806 448 854 sub
478 806 634 867 lingua
666 805 807 852 salem
839 805 1030 851 adsidue
1061 805 1362 851 continuerit.
1406 802 1601 848 Dentem
1633 816 1738 848 cum
1770 810 1822 847 22

85 891 125 921 ιο
149 876 348 938 dolebis,
392 878 432 923 si
476 877 600 922 circa
645 890 751 922 eum
798 876 978 936 gingiva
1018 872 1316 934 suppurabit,
1362 871 1653 932 scalpellabis
1695 878 1742 916 et

147 946 317 992 herbae
341 945 588 992 milefoliae
612 945 794 991 radices
817 951 1002 990 teneras
1034 941 1421 1001 commasticabis,
1451 948 1551 987 tum
1576 954 1741 986 sucum

147 1017 247 1062 eius
283 1017 332 1062 in
370 1030 421 1062 ea
461 1021 614 1077 parte,
658 1016 706 1061 in
753 1028 843 1075 qua
881 1014 997 1060 dens
1034 1012 1177 1074 dolet,
1222 1010 1417 1058 tenebis.
1491 1010 1741 1071 Papaveris
1772 1018 1824 1054 23

147 1099 311 1132 sucum
347 1087 513 1132 tritum
550 1099 657 1131 cum
694 1084 811 1130 lacte
850 1082 1067 1129 muliebri
1104 1082 1232 1128 denti
1263 1081 1475 1128 causario
1505 1079 1740 1141 infundeS,

147 1157 302 1201 statim
331 1155 554 1216 proderit.
609 1154 806 1200 Carmen
837 1153 892 1199 ad
923 1153 1133 1199 dentium
1165 1151 1371 1197 dolorem
1401 1150 1652 1195 mirificum
1683 1148 1740 1194 de
1772 1156 1824 1193 24

85 1237 124 1269 15
148 1226 480 1286 experimento.
543 1223 673 1270 Luna
717 1223 1018 1269 decrescente
1058 1222 1132 1267 die
1169 1220 1330 1266 Martis
1372 1221 1468 1265 sive
1507 1219 1581 1264 die
1619 1218 1740 1264 Iovis

147 1294 261 1340 haec
298 1293 439 1340 verba
483 1293 611 1340 dices
656 1294 850 1353 septies:
905 1291 1123 1351 Argidam
1168 1289 1422 1350 margidam
1468 1287 1737 1348 sturgidam.

148 1363 364 1410 Dolorem
385 1377 590 1424 rumpes,
610 1377 718 1409 cum
742 1361 963 1408 calciatus
988 1360 1075 1406 sub
1100 1359 1204 1406 divo
1229 1373 1368 1419 supra
1394 1365 1567 1404 terram
1591 1358 1740 1403 vivam

149 1439 277 1479 stans
315 1439 455 1494 caput
491 1446 630 1478 ranae
668 1430 990 1492 adprehendes
1029 1436 1075 1476 et
1117 1443 1169 1475 os
1207 1429 1391 1488 aperies
1422 1433 1469 1473 et
1500 1440 1641 1487 spues
1671 1428 1739 1472 in-

148 1510 220 1548 tra
264 1517 316 1548 os
361 1504 461 1548 eius
507 1509 553 1548 et
598 1501 783 1562 rogabis
828 1514 950 1562 eam,
994 1505 1047 1545 ut
1093 1498 1303 1544 dentium
1349 1497 1534 1543 dolores
1581 1509 1740 1542 secum

85 1584 127 1615 20
149 1572 280 1634 ferat,
317 1578 364 1618 et
393 1578 493 1618 tum
523 1572 670 1617 vivam
705 1570 912 1616 dimittes
944 1574 991 1615 et
1018 1568 1108 1614 hoc
1140 1568 1213 1614 die
1244 1567 1367 1613 hono
1399 1572 1446 1612 et
1475 1565 1589 1612 hora
1620 1564 1742 1611 bona

148 1642 302 1688 facies.
368 1640 660 1687 Vermiculus
705 1641 754 1686 in
799 1639 1000 1685 cardone
1044 1637 1189 1683 herba
1234 1639 1450 1682 inventus
1495 1635 1740 1695 phoenicio
1774 1642 1825 1679 25

147 1705 364 1772 inligatus
388 1709 599 1771 colloque
623 1723 879 1770 suspensus
903 1707 1052 1754 dolori
1074 1707 1284 1753 dentium
1304 1706 1531 1752 medetur.
1564 1704 1739 1750 Cucur-
1773 1712 1825 1749 26

147 1779 271 1826 bitae
303 1781 473 1826 sativae
504 1787 662 1826 coctae
695 1793 836 1825 sucus
865 1779 914 1823 111
944 1777 1088 1823 linteo
1111 1789 1362 1837 expressus
1395 1782 1440 1821 et
1463 1776 1511 1819 in
1536 1788 1617 1819 ore
1642 1780 1739 1819 ten-

149 1857 225 1896 tus
271 1856 318 1896 et
363 1849 571 1896 dolorem
614 1848 796 1894 inhibet
841 1848 1050 1893 dentium
1099 1854 1146 1892 et
1194 1850 1380 1892 coercet
1423 1842 1741 1889 mobilitatem.

87 1931 127 1963 25
151 1919 346 1965 Acetum
382 1919 591 1979 tepidum
629 1917 893 1964 scilliticum
930 1917 979 1962 in
1017 1930 1098 1961 ore
1136 1921 1318 1961 tentum
1358 1919 1403 1959 et
1434 1914 1641 1974 gingivas
1671 1918 1743 1958 tu·
1773 1921 1826 1957 27

150 1995 331 2035 mentes
369 1989 647 2049 constringit
694 1994 740 2034 et
777 1988 985 2033 continet
1029 1985 1193 2031 dentes
1231 1982 1510 2030 vacillantes.
1586 1981 1742 2042 Capri·
1775 1990 1827 2027 28

149 2059 226 2104 fici
263 2058 394 2104 radix
431 2059 537 2104 vino
575 2058 768 2103 decocta
804 2057 1009 2116 tritaque
1047 2053 1258 2100 maxillae
1295 2053 1537 2113 inponitur
1575 2066 1627 2098 ac
1666 2051 1743 2097 de-

151 2142 293 2188 super
328 2127 500 2188 ligatur
537 2133 584 2173 et
621 2126 734 2173 illud
772 2127 931 2172 vinum
969 2126 1018 2170 in
1050 2138 1130 2170 ore
1162 2123 1243 2170 diu
1272 2128 1474 2183 tenetur,
1511 2121 1642 2167 valde
1673 2134 1745 2166 re·

152 2197 303 2244 medio
328 2203 400 2244 est
423 2196 655 2244 dentibus.
703 2195 946 2242 Ruborum
977 2207 1136 2255 cymae
1166 2199 1356 2239 tenerae
1380 2206 1436 2238 ex
1460 2192 1564 2237 vino
1589 2195 1744 2236 vetere
1776 2199 1828 2236 29

90 2280 131 2311 ao
155 2273 382 2314 cocuntur
420 2273 466 2313 et
502 2267 549 2312 id
588 2268 745 2312 vinum
784 2266 970 2325 saepius
1001 2277 1082 2309 ore
1114 2264 1395 2322 continetur,
1432 2259 1670 2306 interdum
1701 2266 1748 2305 et

153 2336 471 2398 gargalizatur,
509 2336 634 2397 quod
672 2336 828 2382 statim
866 2334 1078 2395 gingivis,
1115 2346 1231 2378 uvae
1270 2337 1316 2377 et
1354 2329 1573 2376 dentibus
1606 2328 1745 2390 prod-

155 2414 238 2452 est.
294 2405 696 2467 Quinquesolium,
733 2406 782 2450 111
820 2418 912 2465 quo
950 2403 1078 2463 fraga
1115 2408 1393 2462 nascuntur,
1431 2398 1653 2445 colluitur
1691 2413 1746 2444 ex
1778 2407 1830 2444 30

155 2489 274 2536 aqua
302 2477 493 2539 marina,
517 2475 683 2522 deinde
708 2474 764 2521 ad
788 2475 951 2520 tertias
982 2472 1261 2532 decoquitur
1292 2485 1346 2516 ex
1377 2471 1483 2515 vino
1514 2475 1593 2515 aut
1615 2474 1746 2515 aceto

154 2544 296 2605 idque
333 2546 381 2591 in
411 2559 491 2591 ore
523 2545 700 2591 diutius
731 2545 1018 2605 continetur3
1052 2542 1190 2588 etiam
1222 2546 1413 2586 exustae
1444 2540 1545 2585 eius
1574 2537 1747 2584 herbae

267 2655 293 2692 4
322 2650 523 2692 maxillis.
626 2654 676 2692 13
708 2662 860 2691 sucum
890 2662 968 2691 om.
1060 2645 1271 2689 eaurario.
1361 2649 1411 2687 17
1442 2658 1618 2698 rumpes
1649 2657 1749 2685 cum

153 2707 331 2758 scripsi:
359 2719 512 2759 rumpe
541 2719 638 2748 rum
661 2707 749 2748 cod.
773 2719 948 2758 rumpes
980 2704 1114 2746 etiam
1146 2702 1184 2742 si
1216 2702 1468 2743 Oorwarius.
1572 2704 1623 2741 18
1654 2698 1749 2741 eius

155 2763 256 2805 add.
287 2766 386 2805 ante
414 2774 558 2804 ranae.
667 2766 719 2803 21
750 2760 929 2815 fynicio.
1031 2762 1085 2800 24
1115 2757 1331 2800 cohercet.
1439 2761 1492 2798 25
1525 2754 1748 2797 scillitum.
