1898 3016
785 140 845 148 —
924 112 1164 163 137-

179 254 321 301 grana
350 254 546 286 numero
578 238 677 303 XX,
707 239 1021 302 glycyrrhizae
1051 241 1154 287 suci
1184 239 1223 286 X
1253 238 1330 301 111,
1361 241 1641 286 cariotarum
1671 241 1773 301 pin-

179 311 341 371 guium
386 311 487 356 suci
532 312 759 371 exemptis
802 310 1058 356 interaneis
1103 309 1142 355 X
1172 308 1248 355 ΙΙΙ.
1315 308 1501 355 Gummi
1539 316 1586 356 et
1622 316 1772 371 traga-

180 378 400 426 canthum
442 380 493 425 in
537 394 655 440 aqua
698 379 847 426 mulsa
891 385 1177 440 maceratur,
1221 379 1387 425 deinde
1426 385 1625 440 utraque
1663 381 1773 426 trita

181 450 350 495 ceteris
387 447 507 495 bene
545 450 670 495 tritis
707 455 754 496 et
790 449 1001 510 levigatis
1038 448 1368 510 admiscentur,
1410 455 1516 509 post
1554 449 1640 495 hoc
1678 449 1773 509 glo-

135 536 155 567 5
181 518 280 565 buli
322 518 565 579 finguntur
608 518 665 565 ad
711 518 841 565 fabae
886 519 1273 581 magnitudinem,
1318 532 1437 579 quos
1482 517 1570 564 sub
1616 518 1773 579 lingua

182 589 332 635 teneri
369 594 554 649 oportet
598 593 645 634 et
690 589 812 649 quod
859 588 916 634 de
954 589 1028 635 his
1067 588 1369 649 liquefactum
1408 587 1569 650 fuerit,
1616 590 1771 634 statim

181 658 406 704 devorari.
464 657 588 704 Haec
626 654 886 719 conpositio
925 658 1035 704 facit
1072 658 1127 704 ad
1167 659 1320 704 omnia
1357 660 1554 704 arteriae
1586 659 1695 704 vitia
1726 665 1773 704 et

180 727 383 774 thoracis
421 733 467 773 et
503 727 559 774 ad
595 729 723 773 vocis
760 729 1162 788 interceptionem.

321 796 625 858 Compositio,
663 811 780 857 quae
818 797 992 843 dicitur
1029 798 1293 859 stomatice,
1331 797 1442 844 facit
1478 797 1534 844 ad
1572 796 1773 843 tossillas
1802 806 1855 845 47

118 883 159 914 10
182 872 228 913 et
257 880 367 913 uvas
399 873 635 913 tumentes
665 873 711 913 et
741 866 797 912 ad
821 866 1013 913 vulnera
1036 872 1083 912 et
1107 866 1264 913 ulcera
1285 868 1334 912 in
1358 867 1581 913 auriculis
1604 874 1774 928 vetera,

180 943 371 997 excepta
402 950 457 982 ex
487 935 619 982 libris
649 935 902 983 Ptolomaei
935 937 1074 998 regis,
1113 938 1194 997 qui
1223 935 1481 997 Euergetes
1515 936 1774 997 appellatus

180 1010 272 1068 est,
317 1007 485 1066 accipit
530 1005 665 1052 haec:
725 1005 836 1052 Suci
881 1020 938 1052 ex
983 1007 1128 1052 moris
1173 1006 1283 1052 facti
1326 1012 1373 1052 et
1416 1007 1464 1051 in
1511 1005 1607 1052 sole
1651 1007 1774 1052 cocti

180 1073 228 1122 *S*
266 1090 412 1122 unum
450 1077 604 1137 semis,
642 1074 954 1137 glycyrrhizae
993 1077 1095 1122 suci
1132 1074 1170 1120 X
1201 1075 1256 1137 II,
1294 1077 1485 1122 corticis
1515 1075 1623 1136 lycii
1654 1075 1694 1121 X
1727 1075 1773 1137 S,

179 1159 360 1206 myrrae
400 1144 722 1206 troglodytidis
759 1144 798 1190 X
829 1144 868 1206 1,
913 1145 1128 1191 aluminis
1166 1146 1264 1191 fissi
1303 1145 1341 1190 X
1372 1145 1414 1206 I,
1455 1145 1590 1191 nardi
1626 1145 1774 1192 Indici

118 1214 221 1262 mx
264 1214 316 1276 S,
368 1214 519 1261 mellis
566 1215 703 1261 Attici
746 1214 936 1275 cyathos
982 1214 1088 1276 1111,
1135 1216 1227 1261 vini
1271 1214 1431 1261 malini
1476 1215 1693 1276 cyathum
1739 1215 1771 1262 Ι.

181 1283 308 1338 Quae
346 1284 474 1330 arida
512 1291 635 1345 sunt,
673 1298 886 1330 seorsum
924 1290 1144 1331 teruntur
1181 1292 1228 1330 et
1263 1285 1312 1330 in
1351 1299 1498 1330 unum
1528 1299 1635 1331 cum
1666 1286 1773 1330 vino

179 1359 515 1415 temperantur,
557 1353 725 1400 deinde
762 1368 950 1415 passum
988 1354 1061 1400 his
1099 1353 1382 1400 admiscetur
1419 1360 1467 1400 et
1505 1361 1775 1415 coquuntur

180 1425 332 1469 omnia
363 1423 410 1469 in
442 1424 598 1469 cinere
631 1423 793 1486 calido,
824 1423 972 1470 donec
997 1423 1145 1470 mellis
1177 1423 1529 1484 spissitudinem
1560 1423 1773 1470 habeant.

178 1492 281 1539 Non
317 1499 502 1553 oportet
538 1499 693 1539 autem
730 1494 946 1553 ignorare
991 1493 1131 1539 utiles
1176 1507 1278 1539 esse
1326 1495 1543 1539 arteriam
1582 1493 1772 1539 inbecil-

116 1577 158 1606 20
181 1562 270 1608 lam
301 1561 581 1608 habentibus
612 1563 910 1625 gestationes,
941 1562 1351 1624 deambulationes,
1383 1565 1596 1623 corporis
1627 1565 1772 1609 vocis-

181 1647 271 1693 que
303 1633 674 1694 exercitationeS,
711 1635 944 1679 contraria
981 1639 1136 1679 autem
1175 1632 1337 1678 balnea
1371 1639 1418 1679 et
1448 1634 1615 1694 omnia,
1654 1647 1772 1693 quae

181 1702 398 1748 videntur
436 1708 574 1762 caput
609 1701 788 1763 inplere
827 1702 897 1748 vel
936 1717 1124 1748 umores
1163 1703 1378 1748 excitare.
1440 1701 1559 1748 Uvae
1599 1708 1646 1748 et
1675 1703 1772 1748 fau-
1802 1711 1857 1749 48

181 1773 304 1818 cium
344 1771 492 1817 dolori
522 1771 659 1817 fimus
690 1785 929 1834 agnorum,
959 1773 1232 1833 priusquam
1264 1771 1457 1818 herbam
1492 1778 1695 1834 gustent,
1724 1773 1772 1818 in

181 1840 347 1887 umbra
392 1840 624 1887 arefactus
673 1847 720 1887 et
764 1841 1021 1888 confrictus
1066 1847 1205 1902 atque
1251 1841 1492 1902 emplastri
1529 1856 1658 1887 more
1697 1842 1773 1887 ad-

117 1923 158 1954 25
182 1912 363 1971 positus
399 1911 626 1956 medetur.
694 1910 816 1957 Suco
855 1910 1037 1957 cocleae
1076 1926 1160 1957 acu
1199 1912 1482 1957 transfossae
1519 1911 1648 1958 inlita
1685 1925 1773 1958 uva
1804 1920 1858 1958 49

183 1986 393 2041 sanatur,
441 1981 502 2026 ita
550 1987 602 2025 ut
644 1981 743 2040 ipsa
790 1980 934 2026 coclia
979 1982 1025 2026 in
1074 1982 1200 2026 sumo
1246 1988 1404 2040 postea
1445 1981 1772 2041 suspendatur.

180 2049 303 2096 Uvae
341 2049 660 2111 destillationi,
698 2064 816 2110 quae
854 2050 1071 2096 omnibus
1108 2051 1204 2096 fere
1242 2050 1503 2111 periculosa
1542 2057 1626 2114 est,
1667 2065 1773 2097 nam
1804 2059 1858 2096 50

183 2126 230 2166 et
266 2119 442 2179 pthisin
481 2125 527 2165 et
568 2121 782 2180 syntexin
820 2125 866 2166 et
903 2120 1013 2166 alias
1053 2119 1269 2166 molestas
1306 2120 1595 2166 valetudines
1633 2128 1774 2182 creat,

182 2195 379 2250 prosunt
423 2190 552 2250 porri
596 2190 758 2235 sectivi
803 2189 910 2235 solia
955 2204 1048 2235 non
1094 2196 1224 2235 cocta
1270 2191 1370 2236 sine
1415 2204 1533 2250 pane
1580 2189 1773 2236 adsidue

119 2272 160 2302 30
184 2258 472 2304 manducata.
534 2257 697 2304 Oleum
736 2258 938 2305 calidum
975 2260 1032 2321 ei,
1070 2261 1151 2320 qui
1188 2259 1245 2305 de
1284 2274 1370 2305 uva
1408 2266 1454 2305 et
1491 2260 1676 2305 arteriis
1713 2259 1774 2304 la·
1804 2267 1858 2304 51

180 2327 334 2390 horat,
379 2329 510 2374 eunti
554 2328 805 2374 dormitum
851 2329 900 2374 in
946 2327 1192 2374 cerebrum
1239 2334 1285 2374 et
1328 2331 1374 2374 in
1414 2342 1552 2374 aures
1590 2329 1774 2375 infundi

181 2397 295 2444 utile
334 2403 417 2444 est.
478 2397 618 2443 Uvam
656 2403 754 2444 toto
794 2412 913 2443 anno
951 2412 1045 2444 non
1083 2397 1271 2458 dolebit,
1311 2400 1391 2459 qui
1428 2412 1536 2444 cum
1571 2400 1775 2458 primum
1806 2406 1858 2444 52

181 2481 316 2513 uvam
355 2468 520 2513 viderit
556 2467 902 2530 procedentem,
941 2469 1129 2513 sinistra
1167 2482 1307 2513 manu
1339 2468 1480 2528 digito
1512 2468 1777 2514 medicinali

298 2590 317 2626 1
351 2585 610 2639 glucerizae.
727 2591 752 2627 4
784 2587 987 2640 globolis.
1099 2591 1123 2628 8
1154 2586 1527 2630 intercessionem.
1631 2592 1656 2629 9
1688 2589 1775 2629 sto-

182 2642 423 2684 machinae.
584 2646 634 2683 13
666 2643 817 2697 semis]
850 2642 1040 2685 seminis.
1206 2642 1460 2695 glycerizae.
1618 2643 1774 2697 lyciae.

185 2703 236 2739 14
258 2696 531 2739 troclodidis.
601 2702 651 2739 15
676 2697 856 2740 ciathos.
927 2698 1080 2740 malini
1103 2699 1280 2752 scripsi:
1303 2699 1447 2741 malei.
1525 2702 1574 2740 18
1597 2699 1774 2741 habeat.

183 2758 234 2794 19
266 2752 524 2795 inbicillam.
639 2758 690 2795 28
721 2754 869 2807 tpisin.
