1898 3016
770 129 828 136 —
909 99 1143 151 163—

158 229 282 276 Haec
319 230 477 276 iuncta
516 243 571 275 ex
608 229 743 276 melle
781 231 955 290 optimo
996 228 1279 290 temperabis
1325 235 1371 275 et
1416 243 1472 276 ex
1517 242 1571 276 eo
1616 230 1752 276 nucis

158 298 387 345 avellanae
433 298 751 359 magnitudine
795 312 902 345 cum
946 312 1064 360 aqua
1109 297 1255 345 calida
1299 312 1434 345 mane
1480 299 1637 345 ieiuno
1678 297 1752 345 vel

159 371 296 415 etiam
341 367 520 429 digesto
566 368 620 415 ad
666 382 906 430 vesperam
944 367 1088 414 dabis.
1161 366 1303 415 Valde
1340 366 1516 415 bonum
1553 374 1601 415 et
1637 367 1751 415 utile
1781 377 1836 416 54

158 438 214 484 ad
260 444 436 485 tussem
482 437 779 499 qualemlibet
823 437 912 485 hoc
957 437 1216 484 remedium
1262 442 1354 484 est:
1412 438 1517 499 Apii
1559 439 1751 486 seminis

114 522 134 555 ο
158 501 219 574 ‚9-
250 506 347 569 1111,
384 507 649 569 hyoscyami
680 501 741 574 ῼσ
772 507 828 569 II,
866 507 1024 554 anethi
1054 501 1116 574 ᾅ-
1151 506 1250 570 1111,
1288 508 1383 568 opii
1414 501 1476 574 ῼι
1507 506 1563 569 11,
1599 506 1750 554 mellis

156 576 280 638 quod
317 576 374 624 ad
411 576 691 638 colligendas
721 583 769 623 et
799 576 1185 638 conglutinandas
1216 578 1397 638 species
1429 591 1571 638 supra
1601 576 1749 624 dictas

156 646 369 708 sufficiat,
408 660 514 694 cum
551 647 598 693 in
636 645 876 707 pulverem
908 647 1085 694 fuerint
1114 646 1343 694 redactae.
1385 646 1537 708 ,Tussi
1567 653 1613 693 et
1643 660 1747 694 cru·
1780 654 1833 694 55

155 716 287 763 ditati
316 716 530 763 medetur
558 715 647 762 hoc
677 716 987 763 medicamen:
1026 716 1154 764 Costi
1179 742 1242 750 —
1267 716 1345 780 Ill,
1378 717 1581 763 cinnami
1608 742 1666 749 —
1694 715 1750 780 11,

154 787 328 847 piperis
367 780 429 852 ,βα
460 785 516 848 V,
560 787 672 833 item
717 787 892 847 piperis
930 785 1058 847 longi
1095 780 1158 853 ,91
1188 784 1246 849 V,
1290 787 1385 847 opii
1422 779 1484 852 ῼα
1515 785 1578 849 11,
1623 787 1751 834 croci

93 870 133 901 10
158 881 222 888 —
254 854 287 916 I,
325 855 473 901 mellis
512 855 635 917 quod
674 857 785 902 satis
824 855 880 902 ad
917 855 1033 902 haec
1070 857 1180 902 trita
1218 855 1520 916 temperanda
1551 862 1598 903 et
1628 861 1748 903 cata-

153 926 277 986 potia
314 924 536 986 sacienda,
575 939 692 986 quae
730 939 838 972 cum
876 924 1004 972 calda
1041 939 1160 986 aqua
1191 931 1238 972 et
1267 939 1402 971 mane
1433 932 1480 971 et
1509 939 1627 988 sera,
1666 925 1748 972 sed

152 996 412 1042 interiectis
449 994 628 1041 vicibus
659 995 761 1041 dari
791 1001 990 1059 oportet,
1029 994 1153 1056 quod
1194 995 1410 1041 similiter
1440 1001 1487 1041 et
1516 994 1574 1041 de
1606 1009 1748 1057 supra

154 1066 327 1125 scripto
365 1064 670 1111 medicamine
709 1065 811 1111 fieri
847 1064 998 1111 debet.
1061 1064 1257 1126 Aquam,
1293 1066 1342 1110 in
1381 1075 1472 1126 qua
1508 1070 1663 1112 rutam
1700 1070 1748 1112 et
1775 1071 1830 1111 56

151 1133 381 1195 hysopum
424 1140 471 1180 et
507 1148 660 1181 rosam
699 1136 870 1181 siccam
908 1134 1172 1197 decoxeris,
1216 1136 1321 1180 vino
1362 1135 1560 1181 inmisce
1599 1140 1646 1181 et
1681 1136 1747 1181 ita

92 1217 132 1247 15
154 1202 399 1250 bibendam
437 1205 594 1250 ieiuno
633 1204 747 1250 offer
787 1205 1017 1262 tussienti,
1056 1206 1148 1251 cito
1187 1203 1449 1251 subvenies.
1517 1203 1570 1250 In
1607 1218 1744 1250 ovum
1776 1211 1828 1249 57

154 1272 324 1319 sorbile
370 1275 575 1320 masticis
619 1273 858 1334 pulverem
896 1275 1074 1335 mitteS,
1124 1273 1205 1320 sed
1243 1287 1362 1334 opus
1400 1279 1496 1336 est,
1541 1279 1595 1320 ut
1639 1287 1746 1320 mox

153 1344 434 1403 coagitatum
478 1344 633 1389 statim
680 1342 892 1404 sorbeas,
936 1357 996 1390 ne
1041 1342 1261 1390 dilatione
1306 1343 1386 1389 fiat
1424 1351 1607 1405 crusta3
1652 1357 1743 1403 quo

152 1412 374 1458 exhausto
414 1411 546 1458 facile
585 1419 762 1458 tussem
800 1412 997 1475 sedabis,
1036 1414 1076 1459 si
1112 1413 1158 1459 id
1198 1414 1383 1474 saepius
1422 1412 1603 1459 feceris.

290 1481 440 1528 Fabae
471 1495 614 1542 grana
645 1483 981 1543 quinquaginta
1011 1488 1133 1529 tosta
1166 1483 1213 1528 in
1246 1482 1398 1544 furno,
1428 1483 1607 1543 piperis
1636 1484 1742 1530 toti·
1773 1490 1827 1528 58

88 1564 129 1594 20
151 1550 256 1597 dem
303 1551 472 1597 tundes
516 1558 562 1598 et
605 1550 834 1597 cribrabis
881 1558 927 1598 et
974 1551 1103 1612 pulei
1153 1551 1428 1598 tantundem
1480 1565 1741 1614 mensurae,

151 1626 374 1681 quantum
419 1619 548 1667 fabae
595 1627 686 1683 est,
732 1622 780 1667 in
825 1620 1064 1681 pulverem
1110 1621 1295 1682 rediges
1339 1635 1392 1667 ac
1430 1621 1569 1668 simul
1605 1621 1742 1668 melle

149 1704 430 1751 consparges
469 1696 516 1736 et
553 1704 727 1751 coques
763 1692 812 1737 in
849 1690 938 1737 olla
975 1691 1083 1738 rudi
1116 1697 1256 1752 atque
1287 1690 1497 1753 agitabis,
1527 1705 1586 1737 ne
1618 1705 1740 1738 com-

147 1758 364 1822 buratur3
401 1766 561 1820 postea
599 1760 656 1806 de
693 1760 922 1821 tepefacto
960 1760 1266 1808 medicamine
1307 1775 1392 1822 per
1430 1766 1610 1821 septem
1641 1760 1741 1808 dies

150 1828 329 1889 singula
376 1829 591 1876 cocliaria
637 1831 732 1876 sive
778 1844 912 1877 mane
958 1832 1054 1877 sive
1100 1845 1203 1877 sera
1247 1832 1369 1877 tussi
1419 1829 1740 1878 laborantibus

83 1909 123 1941 25
147 1897 299 1960 dabis;
337 1900 429 1945 cito
467 1898 727 1945 subvenies.
778 1899 933 1946 Herba
970 1906 1218 1947 centaurea
1248 1901 1358 1946 trita
1389 1914 1444 1946 ex
1475 1901 1582 1946 vino
1614 1899 1740 1948 dulei
1769 1907 1822 1946 59

147 1966 344 2030 bibitur;
388 1970 504 2014 mire
543 1968 734 2029 prodest
771 1970 910 2015 etiam
946 1969 1039 2030 his,
1086 1971 1166 2031 qui
1205 1969 1616 2030 sanguinulentum
1655 1977 1736 2016 aut

143 2037 447 2097 purulentum
484 2039 762 2100 extussiunt,
800 2053 918 2100 quos
955 2039 1181 2100 pthisicos
1219 2039 1395 2086 dicunt.
1453 2038 1597 2086 Uvam
1634 2054 1736 2101 pas·
1769 2048 1822 2087 60

144 2121 241 2152 sam
280 2106 547 2153 enucleabis
585 2107 640 2153 ad
678 2107 900 2168 ponder1s
936 2108 1082 2155 librae
1121 2114 1381 2156 sextantem
1411 2114 1459 2155 et
1489 2108 1739 2170 diligenter

143 2181 281 2238 teres,
319 2176 491 2223 adicies
530 2178 716 2238 senapis
754 2179 927 2238 optime
965 2179 1215 2239 separatim
1248 2179 1350 2225 triti
1378 2177 1524 2225 librae
1555 2184 1737 2225 sextan-

79 2258 121 2288 30
142 2251 237 2292 tem
281 2260 334 2292 ac
379 2246 546 2292 deinde
591 2247 770 2294 adiecto
816 2254 947 2294 aceto
994 2247 1160 2295 scillite
1208 2262 1316 2295 cum
1359 2246 1510 2294 mellis
1553 2247 1737 2295 modico

142 2322 266 2362 teres
312 2322 358 2362 et
401 2315 641 2380 miscebiS,
693 2318 757 2363 ita
802 2324 854 2363 ut
898 2331 1000 2363 eam
1044 2318 1398 2379 spissitudinem
1441 2316 1633 2380 habeat,
1684 2323 1739 2365 ut

142 2384 365 2446 pastilluli
401 2386 505 2432 fieri
541 2388 737 2449 possint,
775 2401 869 2433 non
900 2393 1054 2434 tamen
1085 2387 1306 2450 grandes3
1343 2387 1451 2434 inde
1481 2388 1563 2447 qui
1592 2387 1738 2448 pthisi

143 2461 189 2501 et
226 2455 404 2502 diutina
442 2458 562 2502 tussi
599 2455 797 2518 laborat,
836 2456 1045 2518 singulos
1083 2471 1191 2503 cum
1228 2455 1357 2504 calda
1395 2470 1513 2517 aqua
1549 2457 1736 2504 ieiunus

141 2539 275 2570 mane
321 2532 367 2571 et
411 2525 624 2572 similiter
668 2526 920 2573 dormitum
965 2526 1136 2573 vadens
1180 2526 1236 2573 ad
1287 2539 1527 2588 vesperam
1569 2531 1735 2574 sumat.

252 2690 275 2728 6
315 2687 709 2730 concluttinandas.
844 2693 893 2730 17
926 2688 1248 2742 quoagitatum.
1378 2689 1496 2741 quod
1537 2689 1734 2731 exameto,

140 2745 191 2783 27
223 2742 470 2795 purulento.
585 2743 760 2797 tphicos
793 2745 901 2798 (sic).
1019 2748 1072 2786 30
1104 2744 1279 2786 scillito.
1396 2749 1450 2787 32
1480 2743 1631 2799 tphisi.

1397 2814 1481 2856 11*
