1898 3016
0 108 1 158 1
725 108 1096 160 —145—

117 243 290 291 calcem
334 256 440 288 cum
485 241 681 302 axungia
722 246 878 287 vetere
919 238 1158 286 subactam
1193 239 1419 300 inponit0,
1457 237 1704 284 confestim

118 312 315 360 sanabis.
374 311 574 372 Spumae
612 312 792 370 argenti
822 309 870 356 P.
900 308 934 372 I,
973 308 1063 354 olei
1098 309 1270 354 veteris
1301 307 1349 354 P.
1380 306 1434 369 11,
1472 307 1580 353 salis
1612 320 1704 352 am·
1733 317 1789 355 42

118 382 317 429 moniaci
352 380 400 427 P.
431 380 492 443 11,
530 380 712 441 galbani
749 379 796 425 P.
827 379 889 441 113
935 377 1072 425 simul
1112 377 1226 424 haec
1263 378 1416 423 omnia
1453 377 1705 437 permisce-

118 451 210 514 bis,
253 452 316 497 ita
360 456 412 496 ut
456 463 665 510 spumam
711 451 891 509 argenti
937 450 984 494 in
1030 447 1130 494 oleo
1176 446 1408 507 decoquas
1452 459 1603 506 usque
1648 444 1705 491 ad

75 537 96 568 5
118 519 473 567 crassitudinem
512 518 674 578 mellis,
712 524 812 564 tum
850 517 1022 564 adicies
1060 515 1202 563 salem
1239 522 1286 562 et
1327 529 1486 578 pones,
1525 523 1578 561 ut
1615 515 1706 560 fer-

118 596 238 652 veat,
290 590 402 635 item
437 587 682 649 galbanum
720 587 862 633 addes
899 594 946 633 et
982 600 1172 632 rursum
1208 599 1375 647 pones,
1419 591 1472 631 ut
1509 584 1706 645 ferveat3

118 667 278 720 postea
309 657 446 704 simul
476 658 628 703 omnia
659 656 832 702 colabis
864 662 910 702 et
941 655 1168 702 recondes
1199 661 1374 701 etcum
1399 668 1517 715 opus
1547 653 1704 715 suerit,

119 742 248 774 more
286 727 523 788 emplastri
560 727 679 772 miro
717 725 924 771 remedio
963 725 1178 771 sedandis
1215 723 1506 785 parotidibus
1543 724 1705 769 uteris.

118 796 290 843 Vitium
334 802 602 842 exustarum
644 796 762 841 cinis
800 809 906 841 cum
944 809 1050 840 cera
1089 800 1134 840 et
1172 795 1326 839 resina
1363 793 1555 854 paribus
1592 806 1706 852 pon·
1736 802 1792 840 43

55 883 97 915 10
119 866 309 912 deribus
331 865 570 926 adpositus
593 864 818 925 parotidis
841 864 1047 924 prodest,
1079 863 1162 909 sed
1186 877 1277 910 una
1301 863 1537 908 decoctus.
1580 861 1706 907 Ster-
1737 871 1794 908 44

119 950 202 982 cus
232 934 551 982 columbinum
580 936 743 980 tritum
774 947 880 980 cum
910 934 1057 979 farina
1087 932 1322 978 hordiacia
1346 946 1402 977 ex
1432 931 1568 977 melle
1600 929 1707 976 sub-

119 1011 273 1051 actum
310 1011 357 1050 et
393 1003 539 1050 calide
577 1003 839 1064 adpositum
875 1009 1121 1049 nascentes
1154 1001 1389 1063 parotidas
1427 1001 1706 1061 comprimit.

120 1074 272 1135 Adeps
302 1075 460 1120 ursina
497 1074 600 1134 pari
635 1072 843 1132 pondere
880 1086 986 1118 cum
1024 1086 1132 1118 sevo
1165 1072 1349 1117 taurino
1388 1076 1434 1116 et
1465 1084 1572 1116 cera
1601 1083 1706 1130 per·
1737 1079 1792 1117 45

120 1145 263 1189 mixta
315 1149 453 1203 atque
504 1142 712 1203 adposita
763 1140 1054 1202 parotidibus
1100 1142 1269 1186 mirum
1314 1140 1573 1186 remedium
1622 1146 1707 1185 est.

59 1226 99 1258 15
121 1212 298 1273 Pingue
335 1211 484 1273 laridi,
523 1211 644 1272 quod
675 1213 798 1257 inter
829 1216 982 1257 cutem
1018 1215 1065 1256 et
1095 1224 1282 1256 carnem
1312 1223 1514 1255 macram
1546 1214 1630 1270 est,
1669 1209 1710 1253 si
1738 1219 1795 1258 46

121 1281 411 1342 parotidibus
441 1281 699 1341 adponatur
730 1286 776 1326 et
804 1279 898 1326 illic
928 1279 1112 1341 ligetur,
1144 1280 1235 1325 cito
1261 1278 1560 1325 sanabuntur.
1606 1277 1708 1323 Mus
1739 1289 1796 1327 4⁷

122 1365 320 1397 araneus
358 1352 398 1396 si
434 1352 482 1395 in
513 1349 710 1395 orbitam
741 1349 972 1411 inciderit,
1010 1348 1209 1395 naturali
1242 1348 1334 1394 fato
1365 1347 1459 1394 illic
1490 1347 1710 1393 detentus

122 1421 362 1466 emoritur.
421 1418 555 1465 Hunc
594 1418 688 1466 illic
718 1420 958 1465 inventum
989 1417 1147 1478 argilla
1177 1424 1256 1464 aut
1286 1417 1428 1463 linteo
1459 1422 1539 1463 aut
1568 1416 1710 1477 phoe-

123 1491 245 1535 nicio
282 1488 470 1552 :involve
515 1495 562 1534 et
605 1502 661 1534 ex
706 1502 760 1534 eo
806 1494 878 1534 ter
922 1487 1257 1534 circumscribe
1297 1486 1552 1548 parotidas,
1591 1499 1710 1546 quae

59 1573 100 1603 20
123 1559 171 1604 in
209 1572 405 1619 corpore
443 1557 596 1603 subito
634 1557 911 1619 turgebunt3
948 1558 1064 1602 mira
1102 1556 1339 1603 celeritate
1378 1554 1576 1602 sanabis.

261 1627 430 1673 Malvae
468 1626 624 1672 radice
661 1626 754 1673 lino
791 1626 864 1672 vel
901 1626 1005 1672 licio
1046 1627 1239 1672 traiecta
1280 1631 1359 1672 aut
1400 1624 1710 1685 arnoglossae,
1739 1635 1797 1673 48

120 1697 166 1743 id
205 1703 277 1743 est
312 1696 611 1759 plantaginis,
656 1696 811 1742 radice
856 1695 1071 1742 similiter
1109 1695 1226 1742 collo
1265 1694 1551 1741 circumdata
1589 1700 1710 1740 stru-

121 1780 219 1812 mas
247 1767 400 1812 sanari
430 1765 726 1811 manifestum
756 1771 840 1811 est.
888 1765 1131 1811 Mentastri
1161 1779 1304 1811 sucus
1334 1778 1441 1810 cum
1472 1765 1576 1809 vino
1609 1777 1710 1823 gar·
1740 1773 1796 1812 49

122 1837 351 1896 garizatus
388 1835 659 1895 frequenter
690 1840 891 1881 strumas
921 1840 1224 1895 tumoresque
1257 1834 1490 1879 discutiet.
1541 1832 1711 1878 Farina
1742 1842 1797 1881 50

61 1918 101 1950 25
125 1904 375 1966 hordiacia,
411 1905 490 1964 pix
526 1903 700 1964 liquida
731 1918 838 1950 cum
868 1918 973 1950 cera
1005 1910 1051 1950 et
1080 1903 1181 1949 oleo
1213 1905 1355 1949 mixta
1384 1908 1711 1963 percoctaque,

123 1974 301 2020 adiecto
339 1972 510 2033 puerili
539 1973 649 2018 lotio
682 1973 886 2035 subacta,
925 1988 1054 2019 more
1086 1972 1325 2033 emplastri
1354 1973 1555 2032 inposita
1586 1977 1709 2017 stru·

124 2057 222 2089 mas
260 2042 438 2089 utiliter
476 2041 668 2088 sanabit.
735 2042 990 2088 Galbanum
1035 2044 1288 2102 inpositum
1327 2055 1470 2102 super
1507 2049 1710 2087 strumas
1742 2051 1796 2089 51

124 2112 255 2158 facile
301 2126 378 2158 eas
420 2111 623 2157 discutit.
689 2111 817 2158 Idem
855 2117 1059 2172 praestat
1097 2117 1143 2157 et
1180 2111 1246 2158 sal
1283 2112 1597 2157 ammoniacus
1635 2110 1711 2156 ad-

123 2183 303 2241 positus
348 2180 418 2226 vel
463 2180 677 2226 densiore
723 2181 904 2242 liquore
950 2181 1125 2227 inditus
1170 2187 1249 2227 aut
1298 2180 1473 2226 inlitus.
1540 2179 1711 2226 Contra
1742 2188 1797 2227 52

61 2264 103 2294 ao
125 2265 285 2297 omnes
324 2257 525 2296 strumas
564 2256 610 2296 et
647 2251 832 2296 feminis
870 2257 917 2296 et
953 2249 1160 2296 maribus
1197 2250 1496 2296 utilissimum
1535 2255 1627 2311 est,
1672 2249 1714 2293 si

125 2334 206 2366 cor
242 2320 439 2366 lacertae
478 2320 638 2365 viridis
675 2319 834 2380 lupino
872 2325 1092 2379 argenteo
1131 2318 1341 2365 clausum
1386 2320 1434 2364 in
1480 2317 1597 2364 collo
1636 2332 1712 2363 su-

125 2403 344 2450 spensum
383 2403 566 2449 semper
602 2389 814 2436 habeant.
873 2388 954 2434 Fel
991 2388 1218 2434 bubulum
1255 2388 1327 2434 vel
1364 2401 1623 2447 caprunurn
1654 2386 1711 2432 ad
1743 2397 1800 2435 53

124 2459 399 2519 incipientes
438 2464 639 2504 strumas
676 2461 850 2519 optime
879 2458 1033 2504 facere
1072 2459 1387 2518 experimenta
1429 2457 1712 2518 docuerunt3

126 2541 231 2573 nam
274 2529 460 2587 penitus
505 2542 718 2574 crescere
765 2542 859 2573 non
905 2529 1137 2589 sinentur,
1188 2529 1228 2573 si
1272 2542 1326 2572 eo
1373 2526 1565 2573 adsidue
1610 2531 1710 2571 tan-

243 2693 291 2729 11
323 2688 526 2731 ordiacia.
663 2694 714 2731 16
745 2689 985 2743 parotibus.
1126 2693 1176 2730 18
1208 2687 1360 2741 argila..
1500 2686 1716 2729 foeniceo.

57 2764 60 2767 ·
127 2748 183 2786 24
210 2744 506 2804 tumuresque.
622 2750 674 2787 25
706 2744 912 2786 ordiaoia.

211 2822 446 2853 Mancznmxs
455 2845 464 2858 ,
488 2830 549 2852 1³21).
571 2823 815 2855 HanzmcH.
1413 2817 1463 2854 10
