1930 3008
852 122 1227 187 ÷302-

851 263 976 310 CAP.
1015 263 1236 311 XXVIIII.

240 351 328 395 Ad
357 350 539 394 colum
570 353 624 395 et
653 351 721 394 ad.
750 350 893 394 ileon
921 352 1160 394 remedia.
1180 351 1402 405 physica
1432 354 1487 395 et
1506 352 1840 397 rationabilia

667 420 878 471 diversa.
914 422 981 463 de
1019 421 1414 475 experimentis.

381 527 506 575 Bene
545 529 656 575 facit
693 528 750 574 ad
787 527 926 590 ileon,
965 528 1090 589 quod
1122 530 1284 575 vitium
1316 534 1388 575 est
1417 528 1594 576 inflatio
1624 531 1837 578 tenuium

241 597 586 660 intestinorum,
624 596 807 658 galbani
843 596 883 643 X
922 599 1130 645 semissis
1168 597 1431 661 devoratus,
1470 599 1552 646 sed
1588 601 1638 646 in
1670 599 1838 661 pilulas

242 666 417 714 divisus
464 667 578 714 duas
624 666 695 714 vel
738 673 866 730 tres;
912 674 1066 714 movet
1110 669 1234 714 enim
1278 674 1466 715 ructum
1511 675 1558 716 et
1600 669 1838 717 interdum

241 735 383 783 deicit
419 743 610 783 ventum
649 736 870 783 deorsum
907 742 1047 798 atque
1086 739 1147 784 ita
1183 737 1387 798 prodest.

379 806 449 852 Ad
487 806 612 853 idem
651 808 815 853 vitium
851 807 1047 854 mirifice
1084 807 1278 868 prodest
1312 807 1402 854 hoc
1431 807 1837 871 medicamentum,
1859 819 1880 851 5

241 875 351 921 facit
396 882 552 922 autem
599 881 645 922 et
689 876 746 922 ad
790 875 950 923 lateris
995 876 1203 923 dolorem
1247 882 1294 922 et
1338 877 1394 923 ad
1437 891 1620 924 omnem
1657 883 1838 939 partem

240 947 453 1006 corporis
489 946 749 1007 interioris,
798 947 967 1006 accipit
1010 946 1146 993 haec:
1204 945 1350 992 Dauci
1394 949 1605 1010 seminis,
1649 949 1839 1008 panacis

238 1014 435 1078 radicis,
470 1016 671 1061 castorei
707 1016 836 1075 paria
873 1015 1093 1078 pondera,
1131 1021 1263 1062 rutae
1302 1015 1534 1063 silvaticae
1573 1017 1838 1080 dimidium3

240 1085 451 1131 contusis
488 1084 562 1130 his
601 1084 848 1145 speciebus
885 1085 978 1131 mel
1013 1085 1273 1147 decoctum,
1311 1085 1435 1145 quod
1467 1086 1680 1150 sufficiat,
1717 1087 1839 1134 adici

240 1159 428 1215 oportet
473 1159 613 1215 atque
659 1153 767 1200 inde
809 1154 911 1200 dari
947 1153 987 1200 X
1026 1154 1231 1216 singulos
1270 1161 1349 1201 aut
1386 1156 1619 1202 victoriati
1653 1156 1837 1217 pondus
1861 1166 1902 1197 1⁰

240 1237 296 1269 ex
333 1237 480 1284 aquae
519 1223 694 1269 calidae
733 1223 912 1284 cyathis
949 1223 1103 1270 tribus
1141 1229 1220 1270 aut
1259 1223 1455 1271 duohuS.

380 1292 567 1353 Optime
596 1292 706 1339 facit
728 1293 785 1339 ad
808 1293 932 1339 ileon
954 1293 1225 1340 huiusmodi
1246 1293 1567 1341 medicaminis
1590 1309 1676 1355 per
1698 1309 1838 1342 anum

238 1363 464 1408 inmissio.
531 1362 724 1409 Malvam
769 1368 816 1408 et
860 1363 1047 1410 faenum
1092 1377 1312 1423 graecum
1354 1378 1461 1410 cum
1499 1378 1616 1425 aqua
1653 1370 1838 1425 oportet

238 1431 358 1478 bene
405 1433 546 1493 coqui
589 1437 730 1493 atque
767 1432 875 1478 inde
915 1434 1038 1479 sumi
1073 1432 1321 1479 heminam.
1386 1432 1502 1479 Item
1540 1435 1589 1479 in
1626 1433 1727 1480 oleo
1765 1447 1836 1480 se·

239 1500 462 1548 cundario
503 1502 759 1562 incoquere
803 1508 958 1548 rutam
1003 1501 1145 1548 debes
1184 1516 1321 1562 quam
1358 1502 1607 1563 plurimam
1645 1508 1691 1549 et
1726 1503 1836 1550 hinc
1861 1513 1901 1545 15

237 1571 472 1617 heminam
518 1570 714 1617 calidam
758 1571 942 1617 adicere
986 1573 1135 1632 priori
1175 1586 1335 1632 aquae.
1403 1572 1584 1627 Quibus
1622 1574 1836 1635 utrisque

238 1641 488 1687 admisceri
524 1642 743 1687 convenit
779 1641 994 1687 afronitri
1032 1642 1318 1687 semunciam
1364 1647 1410 1687 et
1446 1643 1510 1688 ita
1547 1657 1632 1702 per
1670 1643 1835 1704 clyste—

238 1724 339 1756 rem
383 1709 584 1756 calidum
621 1709 909 1756 medicamen
947 1712 1134 1757 inmitti.
1200 1709 1296 1757 Hac
1335 1724 1419 1771 ego
1456 1713 1706 1758 iniectione
1743 1714 1835 1758 iam

239 1786 423 1826 stercus
468 1793 553 1840 per
597 1793 649 1826 os
696 1781 943 1827 eicientem
983 1780 1236 1842 quendam,
1281 1780 1406 1841 quod
1452 1781 1636 1841 signum
1674 1782 1834 1828 morti·

238 1849 390 1896 ferum
443 1855 539 1910 est,
593 1851 761 1896 sanavi.
835 1849 919 1896 Est
970 1846 1334 1896 autem‘vitium
1384 1850 1834 1910 periculosissimum
1858 1860 1900 1891 20

237 1918 352 1965 ileos
391 1924 437 1965 et
472 1918 563 1965 hoc
601 1919 706 1965 ideo
740 1921 866 1965 inter
895 1921 1146 1980 praecipua
1178 1919 1383 1965 remedia
1413 1920 1639 1982 refertur3
1678 1934 1835 1981 quam-

238 1988 399 2035 obrem
439 2003 544 2035 cum
583 2002 749 2048 magna
783 1989 951 2035 fiducia
982 1988 1071 2035 hoc
1102 2003 1250 2048 genus
1280 1990 1381 2034 vitii
1411 1988 1500 2035 hoc
1529 1990 1835 2036 medicamine

240 2057 497 2104 sanandum
535 2058 728 2118 adgredi
764 2058 1002 2105 debemus.

379 2127 450 2173 Ad
487 2127 577 2174 coli
613 2127 901 2174 inflationem
939 2127 1058 2174 bene
1097 2128 1207 2174 facit
1244 2128 1414 2189 cymini
1445 2126 1641 2174 silvatici
1672 2141 1833 2174 semen

237 2211 322 2258 per
367 2211 416 2243 se
461 2203 515 2243 ut
559 2203 630 2243 est
674 2197 834 2244 datum
881 2198 1046 2244 tritum
1099 2203 1324 2258 quantum
1377 2196 1592 2243 cocliaria
1644 2198 1734 2243 tria
1783 2198 1833 2243 in
1856 2205 1898 2236 25

239 2280 385 2328 aquae
425 2266 599 2313 calidae
638 2267 815 2328 cyathis
854 2272 1090 2328 quattuor.

377 2336 493 2382 Nam
539 2336 669 2383 Cassi
714 2337 884 2383 medici
928 2336 1073 2383 colice
1118 2350 1226 2382 vera
1278 2335 1435 2381 multis
1484 2341 1591 2381 nota
1638 2340 1833 2396 propter

239 2404 456 2452 effectum
493 2405 607 2452 haec
646 2412 730 2468 est,
767 2412 821 2453 ut
858 2405 913 2452 ab
953 2408 1053 2452 eius
1091 2420 1225 2451 servo
1263 2404 1457 2450 Admeto
1492 2406 1652 2464 accepi
1680 2404 1832 2464 legato

238 2473 397 2521 Tiberi
434 2474 658 2537 Caesaris,
697 2477 778 2536 qui
817 2490 918 2522 eam
957 2475 1122 2522 solitus
1157 2480 1256 2521 erat
1287 2487 1568 2534 componere
1601 2475 1688 2520 sic:
1726 2473 1829 2534 Apii

238 2546 429 2591 seminis
468 2547 769 2607 semunciam,
807 2547 934 2591 anesi
972 2546 1172 2606 unciam,
1209 2544 1409 2590 castorei
1445 2544 1611 2589 unciae
1649 2549 1830 2590 sextan-
1854 2558 1896 2588 30

379 2709 430 2746 15
462 2704 586 2747 debis
616 2710 640 2747 1
651 2719 693 2747 m
730 2706 862 2748 debes
890 2709 980 2748 2m.
1128 2708 1179 2745 17
1215 2703 1402 2746 elistere.
1549 2708 1602 2746 28
1632 2703 1829 2746 Atimeto

235 2759 431 2803 Scribon.
547 2761 703 2814 accipi.
