1898 3016
101 305 154 344 63

99 515 153 553 64

97 1072 150 1110 65

94 1282 146 1320 66

91 1560 142 1598 67

91 1770 143 1808 68

89 2051 142 2089 70

115 2608 135 2644 1

818 102 1222 152 —46-—‘

186 234 233 273 et
278 227 486 288 adposita
531 227 759 276 medetur.
824 228 951 275 Idem
994 236 1200 290 praestat
1238 230 1386 278 farina
1422 232 1572 293 lupini
1608 235 1782 280 incocti

186 305 232 343 et
277 299 375 343 sine
422 299 597 344 cortice
635 299 847 359 inspersa
885 313 991 345 cum
1029 301 1149 346 vino.
1222 300 1290 346 Ad
1327 304 1590 364 porrigines
1628 303 1779 350 deter-

185 367 358 427 gendas
389 373 520 413 rutae
552 367 828 414 fasciculum
858 375 905 414 et
935 368 1133 429 sulphur
1164 371 1317 416 vivum
1348 385 1454 417 cum
1484 373 1590 418 vino
1623 380 1778 419 vetere

184 436 322 482 simul
361 436 569 498 decoque
608 443 656 483 et
692 443 833 498 caput
870 452 926 483 ex
965 452 1019 483 eo
1057 440 1106 484 in
1143 439 1308 486 balneo
1338 440 1448 502 lava,
1487 448 1593 488 ante
1625 448 1780 489 tamen

185 520 302 566 aqua
341 506 509 569 tepida,
548 508 670 553 sicut
706 512 779 553 est
815 508 1184 571 consuetudiniS,
1222 510 1339 557 elue.
1401 511 1470 557 Ad
1508 511 1699 572 papulas
1730 515 1777 558 in
1800 526 1820 556 5

183 577 334 636 capite
373 577 731 622 effervescentes
769 577 840 623 vel
877 577 1083 637 qualibet
1118 585 1250 639 parte
1291 582 1517 643 corporis,
1555 583 1693 627 etiam
1725 581 1780 628 ad

182 646 337 705 ignem
378 659 561 691 sacrum
599 645 718 692 bene
756 646 866 693 facit
902 647 991 693 hoc
1030 648 1442 696 medicamentum:
1487 650 1634 697 Rutae
1673 653 1779 697 viri-

182 714 254 761 dis
283 714 332 760 P.
364 714 418 777 II,
450 729 640 775 spumae
672 717 851 777 argenti
881 715 930 764 P.
953 716 973 762 I
998 716 1043 779 S,
1074 720 1192 764 aceti
1224 717 1272 764 8
1297 718 1329 782 1,
1360 719 1450 766 olei
1481 720 1642 766 viridis
1673 718 1721 766 8
1746 720 1778 767 Ι.

183 783 298 831 Cum
337 786 455 831 aceti
489 792 622 846 parte
653 799 817 847 spuma
848 792 895 832 et
924 793 1029 833 ruta
1062 793 1291 850 teruntur,
1330 789 1477 836 donec
1507 790 1623 836 levia
1655 791 1778 837 fiant.

180 853 346 900 Postea
386 854 509 915 quod
548 861 764 916 superest
801 858 921 903 aceti
958 857 1163 904 vicissim
1202 873 1310 905 cum
1341 858 1442 905 oleo
1473 859 1675 906 adicitur
1707 859 1775 906 vel
1799 874 1841 904 10

181 924 539 984 superfunditur
576 925 893 988 medicamini,
932 926 1043 972 dum
1081 929 1272 991 teritur,
1310 935 1358 975 et
1394 943 1500 975 cum
1539 929 1657 976 bene
1696 931 1780 976 tri-

184 1001 282 1039 tum
321 1000 368 1040 et
403 996 687 1054 permixtum
726 995 881 1058 fuerit,
920 1003 1020 1042 tum
1054 998 1295 1058 inponitur
1333 998 1447 1044 locis
1486 1001 1777 1046 necessariis

181 1063 248 1109 Ad
294 1063 585 1124 pedunculos
630 1066 863 1111 necandos
908 1065 996 1113 hoc
1041 1066 1347 1114 medicamine
1384 1071 1553 1115 uteris:
1613 1068 1778 1115 Oleum

182 1147 290 1179 cum
335 1133 524 1194 pulvere
571 1135 743 1180 cineris
790 1135 1040 1182 cuiuslibet
1084 1136 1140 1182 de
1188 1135 1312 1198 foco,
1358 1138 1438 1184 sed
1484 1137 1602 1184 bene
1646 1140 1776 1200 creti,

177 1204 355 1263 pariter
378 1203 597 1249 miscebis
628 1211 675 1250 et
704 1206 766 1250 ita
797 1210 937 1266 tereS,
966 1211 1019 1251 ut
1051 1207 1112 1252 sit
1141 1206 1195 1252 ad
1229 1207 1580 1267 spissitudinem
1610 1207 1774 1270 mellis,
1798 1222 1838 1253 15

177 1279 316 1333 atque
354 1273 462 1319 inde
502 1287 608 1319 cum
646 1288 764 1334 opus
802 1274 958 1337 fuerit,
997 1282 1137 1335 caput
1178 1290 1314 1337 unge.
1379 1277 1447 1323 Ad
1486 1277 1774 1338 pedunculos

176 1344 224 1388 in
270 1345 398 1388 omni
441 1350 573 1404 parte
619 1346 830 1404 corporis
883 1345 1116 1391 necandos
1169 1346 1331 1392 efficax
1379 1346 1468 1393 hoc
1515 1347 1773 1393 remedium

177 1419 269 1459 est:
327 1411 535 1459 Ellebori
571 1413 743 1460 radicis
780 1415 938 1476 uncia,
984 1415 1223 1476 staphidos
1261 1418 1414 1477 agriae
1452 1419 1589 1464 uncia
1635 1417 1774 1463 simul

175 1484 285 1529 trita
330 1483 605 1543 adiectoque
650 1483 750 1529 oleo
797 1490 948 1530 totum
995 1499 1167 1545 corpus
1205 1487 1509 1548 perunguito,
1549 1489 1687 1533 etiam
1725 1488 1773 1533 in

175 1553 349 1598 tunicis
387 1552 694 1599 necabuntur.
760 1553 883 1599 Nitri
919 1554 1218 1601 Alexandrini
1259 1562 1305 1602 et
1342 1556 1579 1616 staphidos
1618 1558 1772 1617 agriae
1795 1571 1835 1602 20

177 1621 367 1682 aequale
407 1622 611 1685 ponduS,
655 1623 914 1684 aphronitri
959 1639 1144 1685 quoque
1189 1624 1388 1686 aliquam
1425 1627 1689 1686 portionem
1727 1633 1774 1672 et

176 1691 416 1752 sulphuris
461 1693 552 1738 vivi
595 1693 871 1753 particulam
916 1693 1054 1739 simul
1100 1697 1237 1741 terito
1282 1709 1335 1741 ac
1379 1695 1559 1742 decimo
1605 1696 1679 1742 die
1723 1697 1772 1742 in

175 1760 341 1808 balneo
379 1776 552 1822 corpus
582 1763 768 1809 fricato:
807 1777 968 1809 omnes
1006 1764 1296 1824 pedunculos
1326 1764 1529 1811 necabis.
1590 1765 1771 1828 Serum,

173 1831 219 1878 id
265 1838 337 1878 est
381 1847 546 1893 aquam
592 1832 746 1894 lactis,
793 1848 910 1894 quae
955 1840 1166 1880 remanet
1210 1835 1330 1881 facto
1378 1849 1535 1897 caseo,
1582 1837 1622 1881 si
1666 1837 1771 1896 quis

175 1901 355 1948 adiecto
395 1909 526 1948 aceto
564 1903 611 1948 in
649 1906 839 1964 potione
876 1903 1155 1964 aliquotiens
1195 1907 1467 1967 sumpserit,
1506 1907 1567 1951 ita
1604 1905 1769 1951 libera·
1792 1919 1833 1951 25

173 1978 252 2017 tur
290 1986 315 2017 a
353 1972 645 2035 pedunculis,
684 1979 736 2019 ut
771 1974 960 2034 penitus
998 1975 1292 2035 extirpentur
1323 1989 1409 2020 nec
1439 1980 1602 2035 postea
1632 1977 1680 2021 in
1713 1989 1768 2020 eo

173 2049 493 2088 renascantur.
573 2042 759 2089 Cervini
807 2057 979 2090 cornus
1026 2043 1191 2090 scobes
1235 2043 1418 2091 limatae
1470 2051 1517 2091 et
1561 2059 1616 2090 ex
1662 2045 1767 2090 vino

170 2113 303 2171 potui
333 2111 465 2158 datae
488 2112 780 2172 pedunculos
803 2114 852 2158 in
876 2115 1026 2174 capite
1050 2113 1302 2175 lendesque
1326 2115 1453 2160 nasci
1479 2128 1570 2159 non
1595 2115 1766 2160 sinunt.

865 2266 988 2313 CAP.
1027 2265 1075 2313 V.

168 2353 252 2395 Ad
297 2353 483 2407 capitis
526 2357 772 2397 reumata
814 2356 869 2397 et
912 2354 1284 2410 purgationem
1327 2355 1382 2396 et
1425 2355 1495 2396 ad
1538 2354 1761 2408 pituitae

284 2426 337 2465 et
379 2423 701 2477 phlegmatis
745 2424 1125 2466 deductionem
1169 2426 1223 2466 et
1266 2423 1653 2466 restrictionem

863 2493 1072 2537 catarri.

309 2600 377 2646 Ad
416 2614 592 2663 reuma,
630 2601 755 2662 quod
793 2601 850 2647 de
888 2602 1040 2662 capite
1079 2601 1333 2663 descendit,
1371 2601 1761 2648 medicamentum

167 2669 310 2715 facies
348 2669 459 2716 tale:
512 2670 636 2716 Nitri
679 2696 735 2704 --
764 2669 837 2733 VI,
874 2670 1085 2732 pyrethri
1127 2696 1185 2702 —-
1220 2669 1239 2715 I
1271 2670 1316 2728 S,
1355 2673 1567 2732 capparis
1614 2697 1669 2703 —
1705 2671 1758 2734 11,
1781 2685 1823 2716 30

171 2738 362 2785 struthii
404 2764 461 2772 -—
499 2739 552 2785 11.
616 2739 742 2787 Haec
780 2742 933 2787 omnia
970 2746 1107 2787 tunsa
1145 2746 1192 2786 et
1227 2742 1275 2786 in
1310 2741 1550 2801 pulverem
1588 2742 1762 2787 tenuis·
