1898 3016
89 302 141 338 14

88 649 138 686 15

86 997 136 1034 16

83 1484 132 1521 17

83 1901 133 1938 18

81 2389 131 2426 19

787 95 1159 145 —122—

171 236 279 268 vere
329 223 539 283 gingivae
585 229 632 269 et
676 223 841 269 dentes
886 228 1135 282 tangantur
1180 221 1371 269 adsidue
1416 230 1464 270 et
1505 229 1611 284 post
1654 225 1761 269 vino

171 298 329 338 vetere
369 307 422 338 os
460 292 655 339 eluatur.
722 292 917 352 Senapis
955 292 1087 351 grani
1123 290 1160 336 X
1192 290 1268 354 III,
1305 293 1480 353 piperis
1519 292 1620 354 XI,
1659 292 1761 339 her-

170 361 255 407 bae
285 361 580 423 peduclariae
612 363 762 408 siccae
793 361 833 407 X
863 360 935 422 VI,
972 361 1132 421 cyperi
1160 360 1299 422 idem,
1329 363 1441 408 nitri
1469 360 1510 407 X
1539 361 1595 424 II,
1629 376 1762 423 pyre-

170 430 266 477 thri
303 430 476 494 XIIII,
521 433 700 492 origani
737 431 778 476 X
807 430 890 492 III,
934 430 1053 476 lauri
1097 429 1315 476 foliorum
1352 439 1623 478 tenerorum
1660 430 1763 494 XI,

170 500 413 547 bituminis
451 501 569 547 aridi
598 500 638 546 X
670 500 740 547 VI.
798 500 851 546 In
888 499 985 546 sole
1022 499 1136 546 haec
1174 501 1327 546 omnia
1366 507 1583 547 teruntur
1620 508 1667 547 et
1703 515 1760 547 ex
1783 514 1804 546 ⁵

169 584 309 632 aqua3
347 571 515 617 deinde
552 570 723 631 pastilli
760 571 898 632 fiunt,
945 583 1144 630 quorum
1189 584 1312 616 unus
1357 571 1411 616 ad
1458 570 1580 616 diem
1625 570 1762 617 datur

170 640 627 686 commanducandus
659 640 868 686 dentium
900 653 1052 686 causa.
1120 638 1301 700 PIperis
1331 639 1370 685 X
1402 639 1456 701 ll,
1494 641 1677 701 senapis
1713 641 1763 685 in

168 723 313 769 grano
351 709 391 755 X
421 709 519 771 XII,
557 711 686 756 anesi
722 709 761 755 X
800 709 872 770 VI,
913 723 1028 755 uvae
1065 723 1226 770 passae
1263 711 1449 770 pinguis
1487 717 1762 770 exgranatae

168 778 208 824 X
238 778 431 841 XXIIII,
468 779 681 841 pyrethri
718 779 756 825 X
786 778 889 841 IIII,
930 778 1103 824 herbae
1139 778 1433 839 peduclariae
1471 778 1510 824 X
1541 778 1645 843 1111,
1682 779 1761 840 hy-

173 851 275 909 sopi
313 849 370 895 de
408 849 598 895 denario
638 849 753 895 duas
791 856 969 910 partes,
1005 848 1125 894 lauri
1163 847 1270 894 folia
1306 862 1503 894 numero
1541 848 1604 912 X,
1641 851 1762 895 aeris
1785 862 1823 892 ιο

168 918 297 964 floris
336 918 457 964 XII.
518 918 642 965 Haec
681 933 786 965 cum
824 918 959 964 melle
998 918 1324 978 decoquuntur
1361 926 1500 979 atque
1538 918 1646 964 inde
1684 932 1761 979 pa-

169 987 280 1034 stilli
324 989 434 1035 facti
479 987 537 1034 ob
576 988 895 1034 salubritatem
932 988 1140 1034 dentium
1179 988 1580 1034 commanduntur.
1653 987 1760 1033 Em-

167 1057 340 1117 plastra
377 1065 530 1104 autem
570 1057 788 1104 dentibus
827 1056 1092 1103 dolentibus
1136 1058 1248 1117 poni
1285 1064 1470 1118 oportet
1507 1057 1761 1104 eiusmodi:

166 1127 440 1187 Aphronitri
485 1127 524 1173 X
562 1127 623 1188 11,
667 1129 842 1187 piperis
887 1126 926 1172 X
957 1126 1035 1187 VI,
1078 1126 1251 1172 herbae
1295 1126 1590 1187 peduclariae
1636 1126 1675 1172 Χ
1711 1126 1761 1188 V,

166 1197 349 1242 resinae
380 1196 722 1242 terebinthinae
754 1196 1041 1242 tantundem.
1093 1195 1217 1242 Haec
1243 1195 1526 1256 colliguntur
1556 1204 1602 1243 et
1631 1195 1761 1243 inlita
1785 1209 1826 1240 15

164 1265 354 1312 linteolo
393 1266 464 1312 vel
501 1265 626 1312 aluta
662 1265 839 1312 dolenti
877 1265 1086 1311 maxillae
1123 1267 1435 1327 inponuntur3
1481 1265 1562 1312 sed
1609 1267 1649 1312 si
1686 1281 1761 1312 ex-

166 1342 354 1382 cavatus
399 1336 542 1382 fuerit
586 1335 722 1397 dens,
766 1337 959 1381 inicitur
1002 1337 1051 1380 in
1097 1350 1340 1381 cavernam
1386 1337 1487 1382 eius
1536 1343 1760 1395 quantum

166 1407 227 1451 sit
265 1407 377 1451 satis
414 1405 742 1451 medicamenti
780 1405 836 1451 ad
875 1404 1154 1465 explendum
1191 1404 1366 1466 locum,
1412 1412 1512 1451 tum
1550 1420 1658 1452 cera
1695 1412 1760 1452 te-
1829 1462 1833 1467 ,

165 1476 291 1535 gitur
328 1476 533 1521 exterior
569 1490 677 1535 pars
716 1475 969 1521 foraminis.
1023 1475 1140 1520 Item
1170 1474 1473 1536 emplastrum
1504 1475 1592 1521 alio
1622 1476 1759 1522 modo

165 1545 507 1591 conficiendum
553 1545 800 1590 adversum
847 1544 1057 1590 dentium
1109 1545 1243 1591 vitia:
1315 1544 1532 1605 Pyrethri
1578 1544 1617 1591 X
1662 1545 1758 1605 1111,
1782 1559 1824 1589 20

165 1613 349 1660 cedriae
382 1613 540 1676 XIIII,
572 1628 787 1660 amurcae
820 1620 978 1660 coctae
1009 1612 1048 1659 X
1074 1612 1188 1675 XVI,
1220 1613 1427 1674 sulpuris
1458 1616 1550 1660 vivi
1580 1614 1619 1660 X
1643 1614 1759 1676 XVI,

163 1685 282 1744 picis
312 1683 514 1744 liquidae
541 1683 581 1729 X
607 1682 705 1745 XII,
737 1683 979 1729 bituminis
1011 1683 1129 1729 aridi
1151 1682 1191 1728 X
1215 1682 1307 1730 VII.
1352 1684 1552 1740 Aestivis
1582 1690 1759 1746 tempo-

163 1753 295 1799 ribus
333 1753 503 1799 confici
539 1760 725 1813 oportet
761 1752 850 1799 hoc
889 1753 1294 1815 medicamentum,
1335 1755 1399 1799 ita
1439 1759 1489 1800 ut
1526 1753 1614 1800 sub
1652 1760 1760 1801 ortu

165 1823 332 1869 sideris
356 1823 485 1869 canis
504 1823 619 1869 haec
643 1829 857 1869 terantur
879 1824 928 1868 in
952 1822 1047 1868 sole
1072 1822 1368 1884 calidissimo,
1393 1823 1540 1870 donec
1560 1823 1761 1871 habeant

165 1894 314 1939 ceroti
350 1893 501 1939 teneri
541 1892 905 1953 spissitudinem.
964 1892 1080 1938 Item
1111 1892 1232 1938 aliud
1266 1892 1568 1953 emplastrum
1599 1893 1759 1940 adver·
1782 1905 1823 1936 25

165 1976 267 2008 sum
292 1961 503 2008 dentium
527 1961 732 2009 dolores:
756 1961 951 2024 Piperis,
978 1962 1203 2023 pyrethri,
1227 1961 1434 2023 sulpuris
1458 1965 1560 2024 vivi,
1586 1978 1760 2027 soreos,

165 2031 456 2092 singulorum
488 2031 528 2078 X
553 2038 820 2094 quaternOS,
858 2046 1073 2078 amurcae
1104 2031 1144 2077 X
1167 2031 1238 2093 VI,
1269 2031 1450 2078 arboris
1480 2034 1601 2079 mori
1627 2033 1760 2080 lacri-

164 2115 265 2147 mae
298 2100 338 2146 X
367 2100 418 2163 V,
455 2103 574 2162 picis
611 2101 814 2162 liquidae
846 2100 963 2164 XII,
1001 2101 1218 2147 aluminis
1249 2102 1346 2147 fissi
1376 2100 1537 2164 XIIII,
1575 2103 1759 2150 cedriae

165 2170 203 2216 X
225 2170 280 2232 X,
318 2170 561 2218 bituminis
592 2171 710 2217 aridi
741 2171 781 2217 X
814 2170 883 2232 VI,
913 2170 1086 2218 herbae
1117 2170 1410 2231 peduclariae
1449 2170 1488 2216 X
1521 2171 1574 2218 ΙΙ.
1625 2172 1759 2219 Simi-

162 2240 270 2286 liter
316 2240 404 2287 sub
450 2247 557 2287 ortu
602 2243 730 2287 canis
779 2243 1061 2302 conponitur
1109 2240 1198 2287 hoc
1243 2240 1545 2301 emplastrum
1590 2249 1656 2304 et,
1708 2250 1760 2290 ut
1783 2255 1824 2285 30

163 2324 304 2371 supra
335 2312 563 2371 scriptum
595 2318 680 2374 est,
719 2310 967 2358 adhibetur
996 2310 1220 2373 maxillae,
1256 2311 1304 2356 in
1343 2324 1433 2371 qua
1470 2310 1585 2357 dens
1617 2312 1760 2375 dolet,
1804 2333 1807 2335 >

162 2379 353 2426 linteolo
392 2380 536 2427 denso
577 2380 647 2427 vel
685 2380 836 2427 alutae
873 2381 1070 2427 inlitum.
1126 2379 1243 2426 Item
1281 2379 1404 2425 aliud
1436 2381 1759 2441 emplastrum:

162 2448 358 2511 Piperis,
389 2452 497 2512 opii,
530 2450 675 2496 olivae
699 2450 1011 2511 Aethiopicae,
1034 2450 1252 2495 lacrimae
1280 2451 1413 2511 mori,
1444 2464 1641 2513 myrrae,
1666 2453 1757 2498 sin-

163 2518 380 2578 gulorum
418 2519 457 2565 X
496 2520 651 2583 binos,
696 2519 897 2566 hederae
942 2521 1101 2580 nigrae
1146 2518 1367 2565 bacarum
1405 2519 1578 2583 XIIII,
1624 2520 1757 2568 betae

277 2684 327 2721 15
358 2680 519 2722 risinae
549 2681 866 2722 terebentinae.
985 2685 1034 2722 16
1066 2679 1268 2722 dolentis.
1377 2685 1432 2722 24
1462 2680 1759 2725 caledissimo.

161 2740 215 2777 26
247 2748 393 2777 soreos
422 2736 492 2778 vel
524 2738 624 2779 sori.
740 2741 790 2778 27
825 2749 1036 2778 amorcae.
1154 2737 1393 2780 lacrimam.
