1898 3016
84 1835 138 1873 20

798 96 1207 147 —56-—‘

167 231 259 286 aut,
299 223 420 285 quod
463 223 630 270 melius
669 230 760 286 est,
798 238 886 285 gen
921 223 1172 284 ampelitim
1212 223 1426 271 similiter
1460 219 1641 289 1111131111,
1677 240 1763 287 pro

169 308 258 355 qua
299 293 500 339 diximus
539 295 689 354 picem
727 293 958 340 Bruttiam
995 295 1117 339 mitti
1155 293 1339 357 debere,
1377 295 1484 355 quia
1522 309 1578 355 ge
1610 309 1760 357 ampe-

168 363 261 409 litis
299 377 406 409 vera
446 362 632 410 difficile
671 364 928 425 invenitur3
966 362 1039 408 his
1078 363 1245 410 additis
1284 377 1388 410 cum
1427 366 1633 426 coeperit
1671 379 1760 411 me-

169 432 380 479 dicamen
418 431 536 479 bene
576 434 859 493 permixtum
892 447 1009 495 esse,
1047 447 1200 479 ceram
1233 433 1383 479 rufam
1412 448 1497 495 pro
1528 434 1678 496 modo,
1709 441 1761 480 ut

169 516 309 563 supra
361 504 590 563 scriptum
641 509 732 565 est,
783 508 943 562 postea
990 503 1193 549 resinam
1243 504 1469 563 pituinam
1520 505 1806 550 remissam5

168 572 341 619 adicies
386 586 570 618 necnon
615 578 661 618 et
707 573 909 618 resinam
956 571 1244 619 colofoniam.
1299 571 1409 619 Post
1445 573 1559 619 haec
1605 575 1763 620 mittes

168 642 507 688 ammoniacum
546 642 810 703 thymiama,
847 641 893 687 id
935 647 1006 688 est
1043 648 1219 703 guttam
1256 641 1375 688 bene
1410 644 1568 689 tritam
1600 649 1645 689 et
1676 643 1763 689 cri·

167 710 396 773 bellatam,
425 717 530 772 post
561 711 702 757 addes
733 711 911 772 lepidos
943 711 1106 758 chalcu
1139 726 1319 758 necnon
1344 718 1391 758 et
1414 711 1576 758 chalcu
1601 727 1762 759 000311-

167 795 324 843 menu,
341 780 509 826 deinde
527 781 668 827 addes
686 780 863 843 milton,
880 781 1046 827 deinde
1063 781 1327 844 diphryges,
1348 781 1514 828 deinde
1532 781 1764 844 chalcitin,

166 856 328 911 postea
360 850 686 896 chalcanthum
718 856 763 897 et
786 851 1092 913 psimithium,
1127 858 1232 911 post
1262 851 1375 898 haec
1406 851 1546 898 addes
1577 850 1764 897 libanon
1788 862 1829 892 10

167 920 349 982 leucon,
373 920 419 966 id
446 926 516 966 est
539 927 614 966 tus
639 920 794 966 album
819 927 863 967 et
889 935 1104 983 myrram,
1129 927 1175 967 et
1198 920 1343 982 aloen,
1368 935 1511 982 super
1527 921 1600 967 his
1618 922 1763 967 omni-

167 989 256 1036 bus
281 989 421 1035 addes
445 991 647 1036 resinam
671 990 1033 1036 terebinthinam
1055 996 1099 1037 et
1123 989 1369 1051 galbanum
1394 996 1440 1037 et
1462 990 1531 1037 lac
1549 991 1765 1037 1101111110-

168 1073 266 1105 rem
305 1061 517 1121 panacis,
555 1059 601 1105 id
641 1066 712 1106 est
749 1074 1074 1122 opopanacem.
1137 1060 1226 1106 Sed
1265 1075 1427 1106 omnes
1464 1060 1547 1106 has
1586 1061 1765 1121 species

167 1129 430 1190 praedictas
455 1130 628 1189 optime
652 1131 787 1175 tritas
811 1129 1134 1176 01011110113135
1154 1131 1339 1176 mittere
1357 1129 1548 1176 debebis
1566 1130 1621 1175 ad
1639 1144 1765 1175 men-

169 1212 325 1244 51113111
365 1197 436 1243 vel
473 1205 630 1259 partes
670 1213 811 1259 supra
850 1200 1068 1260 scriptaS,
1115 1206 1255 1260 prout
1293 1198 1497 1245 volueris
1535 1199 1765 1245 conficere
1790 1210 1830 1242 15

157 1267 488 1314 ,medicaminis
521 1270 723 1331 copiam3
754 1283 872 1329 quae
904 1283 1009 1314 cum
1035 1270 1188 1315 omnia
1211 1268 1330 1315 bene
1355 1270 1497 1315 mixta
1521 1269 1696 1315 fuerint
1720 1274 1767 1316 et

168 1337 286 1383 bene
311 1339 493 1399 agitata,
517 1337 652 1384 ollam
678 1337 785 1384 tolle
810 1338 866 1384 de
891 1338 993 1384 foco
1019 1344 1065 1384 et
1089 1338 1255 1384 deinde
1280 1338 1427 1385 calido
1451 1338 1600 1385 adhuc
1622 1339 1764 1385 medi-

169 1408 338 1454 camini
363 1406 532 1453 herbas
557 1422 697 1468 supra
723 1409 921 1469 scriptas
946 1408 1063 1454 bene
1091 1409 1222 1454 tritas
1254 1414 1300 1455 et
1325 1407 1588 1454 cribellatas
1612 1409 1765 1454 infun-

169 1476 263 1522 des.
317 1476 462 1522 Immo
494 1491 631 1523 manu
665 1477 736 1523 vel
767 1478 923 1538 digitis
956 1477 1305 1524 moderantibus
1335 1478 1555 1539 paulatim
1586 1479 1765 1538 insper-

168 1561 249 1607 ges
280 1553 326 1592 et
357 1546 549 1593 adsidue
582 1546 866 1608 spathomela
898 1547 1210 1593 commovebis
1234 1553 1280 1593 01
1309 1546 1629 1609 permiscebis,
1660 1554 1766 1608 post
1789 1557 1831 1588 20

166 1615 280 1662 haec
313 1617 466 1662 omnia
495 1618 652 1662 mittes
677 1616 829 1663 oleum
854 1616 1269 1663 chamaemelinum
1289 1623 1335 1663 et
1358 1618 1528 1663 iterum
1553 1618 1650 1677 igni
1672 1631 1765 1663 non

168 1687 310 1731 nimio
343 1685 551 1746 adposita
590 1686 676 1732 olla
711 1686 835 1733 lente
870 1692 917 1733 et
946 1686 1167 1747 paulatim
1199 1686 1432 1747 decoques
1465 1687 1766 1749 medicamen,

169 1757 231 1801 ita
270 1761 322 1801 ut
360 1754 474 1801 illud
523 1770 660 1802 manu
704 1771 798 1802 non
845 1758 1107 1817 contingas,
1153 1756 1236 1802 sed
1282 1755 1566 1817 spathomela
1605 1758 1764 1817 agites.

170 1824 392 1871 Confecto
423 1830 579 1871 autem
613 1826 915 1872 medicamine
948 1827 1096 1872 uteris
1128 1828 1215 1872 sic:
1252 1825 1321 1872 Ad
1349 1825 1557 1872 dolorem
1588 1831 1763 1886 tempo-

171 1908 274 1941 rum
313 1894 386 1940 vel
424 1896 667 1941 emicranii
703 1895 846 1942 linteo
887 1897 1037 1956 spisso
1069 1896 1264 1942 induces
1295 1896 1685 1942 medicamentum
1719 1902 1763 1942 et
1788 1905 1829 1936 25

171 1966 237 2010 sic
278 1965 419 2010 fronti
456 1964 528 2011 vel
565 1963 857 2026 temporibus
895 1965 1113 2027 adpones.
1172 1965 1220 2011 Si
1250 1979 1360 2011 vero
1399 1979 1560 2011 umore
1601 1966 1765 2026 capitis

170 2036 517 2081 reumatizantis
567 2035 689 2081 oculi
734 2035 1070 2097 gravabuntur,
1117 2049 1202 2096 per
1244 2041 1388 2081 totam
1434 2035 1632 2080 frontem
1673 2049 1765 2080 em-

169 2103 398 2164 plastrum
435 2104 679 2151 inductum
711 2105 853 2151 linteo
886 2105 1100 2151 similiter
1131 2106 1340 2166 inpones.
1407 2104 1457 2150 Si
1494 2105 1541 2149 in
1573 2104 1764 2150 naribus

169 2173 241 2220 vel
286 2175 332 2219 in
378 2173 571 2220 auribus
617 2174 748 2220 dolor
794 2181 874 2221 aut
919 2175 1087 2221 vulnus
1135 2175 1277 2221 fuerit
1323 2175 1418 2220 sive
1465 2173 1763 2219 carnulentae

170 2249 308 2289 erunt
354 2250 433 2290 aut
477 2258 612 2290 umor
649 2245 757 2290 inde
795 2244 1019 2306 manabit,
1061 2244 1161 2290 oleo
1200 2258 1389 2290 rosaceo
1429 2243 1630 2289 solutum
1668 2258 1761 2289 me·
1785 2255 1828 2285 30

170 2313 380 2359 dicamen
418 2315 639 2360 inmitteS.
701 2314 751 2360 Si
787 2314 944 2360 fauces
982 2315 1147 2374 angina
1178 2313 1249 2359 vel
1280 2312 1522 2373 glandulae
1555 2319 1601 2358 et
1631 2327 1763 2373 paro-

169 2383 290 2429 tides
335 2385 666 2444 occupaverint
704 2391 783 2430 aut
824 2385 1012 2444 inguina
1052 2382 1290 2444 paniculae
1330 2384 1678 2444 temptaverint,
1716 2384 1763 2428 in

169 2454 302 2498 initio
341 2452 514 2498 doloris
551 2453 839 2500 medicamen
878 2453 1019 2499 linteo
1057 2452 1315 2513 inductum,
1354 2451 1435 2498 sed
1475 2453 1650 2498 siccum
1688 2452 1764 2498 ad-

170 2535 328 2582 pones.
388 2522 516 2569 Facit
555 2530 601 2569 et
638 2523 693 2568 ad
734 2522 908 2583 splenis
946 2522 1153 2568 dolorem
1185 2522 1307 2568 aluta
1337 2521 1580 2567 inductum
1612 2527 1658 2568 et
1689 2521 1764 2567 ad-

284 2631 305 2667 1
337 2640 413 2681 ges
445 2629 713 2681 ampelitem.
807 2630 985 2682 propter
1016 2642 1160 2680 quam.
1255 2633 1278 2668 2
1310 2640 1399 2681 ges.
1489 2632 1512 2669 9
1544 2628 1761 2681 defryges.

170 2687 194 2723 9
213 2683 413 2724 calciten.
484 2688 534 2724 12
552 2684 886 2726 terebentinam.
967 2697 1178 2725 umurem.
1248 2687 1300 2724 20
1318 2682 1565 2736 spatomeli‚
1582 2684 1678 2725 item
1696 2687 1761 2724 23.

168 2743 219 2780 21
253 2737 647 2781 chamaemelinum
679 2742 854 2794 scripsi:
885 2738 1236 2781 chamaemilum.
1352 2743 1405 2780 25
1441 2739 1683 2793 emigranii.
