1898 3016
746 101 1124 151 —109—

143 230 339 290 largiore
371 234 539 290 potata,
579 230 729 290 capite
760 235 806 276 et
835 229 1027 276 naribus
1063 243 1151 276 nec
1188 230 1345 276 minus
1377 245 1456 277 ore
1488 230 1736 292 diligenter

141 304 324 360 o'pert03
369 313 454 344 nec
500 313 593 344 non
632 299 886 346 fomentum
933 313 987 345 ex
1027 313 1172 360 aquae
1219 299 1392 346 calidae
1439 315 1608 361 vapore
1652 315 1736 361 per

141 382 365 430 spongeas
409 367 571 414 molles
615 368 836 414 adhibere
883 376 1011 415 extra
1057 368 1312 432 oportebit,
1355 369 1551 416 subinde
1597 371 1735 416 etiam

141 439 426 499 gargarizare
464 437 533 483 lac
571 438 780 498 tepidum
826 445 905 485 aut
948 453 1158 485 umorem
1204 441 1381 485 tisanae
1427 447 1507 486 aut
1555 454 1735 502 aquam,

98 509 186 554 ain
225 522 313 568 qua
351 507 557 554 furfures
595 507 793 568 siliginis
831 507 1166 566 deferbuerint,
1205 508 1277 555 vel
1315 523 1481 570 aquam
1513 524 1569 555 ex
1601 509 1733 555 faeno

139 591 305 638 graeco
329 577 580 623 decoctam.
629 576 1003 624 Sorbitiunculae
1027 593 1214 639 quoque
1238 585 1450 641 prosunt,
1475 593 1592 640 quae
1617 579 1736 625 fiunt
1769 590 1818 628 18

140 661 193 692 ex
232 646 384 693 amulo
424 646 494 693 vel
532 647 678 693 tisana
717 646 787 693 vel
825 662 972 708 oryza.
1045 648 1112 694 Ad
1153 648 1307 695 ulcera
1348 650 1396 694 in
1435 648 1626 695 naribus
1666 663 1735 695 se·
1769 661 1818 697 19

140 716 287 762 danda
316 716 494 778 plumbi
525 722 721 780 stercuS,
755 717 879 778 quod
910 719 1092 763 scorian
1125 718 1300 780 dicunt,
1332 733 1387 764 ex
1419 720 1525 764 vino
1556 724 1734 780 myrteo

140 785 240 832 oleo
271 785 448 832 vicibus
478 785 657 833 adiecto
688 788 779 833 teri
809 793 1008 849 oportet,
1046 787 1193 834 donec
1233 789 1435 848 spissum
1466 788 1558 851 fiat,
1597 793 1642 834 et
1672 789 1733 834 ita

78 873 118 904 ιο
140 855 330 902 naribus
361 856 645 903 infundatur.
695 856 824 902 Facit
848 863 894 902 et
917 857 1004 902 hoc
1028 857 1418 904 medicamentum
1443 857 1560 903 bene
1584 859 1735 917 gravi·
1768 870 1819 907 20

140 925 239 972 dini
269 928 471 972 narium:
501 925 826 987 Pompholygis
850 925 889 972 X
914 926 974 972 111
998 928 1103 972 vino
1129 926 1325 973 Falerno
1357 936 1403 973 et
1425 941 1532 973 rosa
1554 926 1734 973 vicibus

141 995 316 1041 adiecta
355 1003 585 1056 teruntur,
624 995 770 1042 donec
810 996 1201 1043 medicamentum
1240 997 1390 1043 mellis
1423 996 1591 1043 habeat
1621 1005 1734 1043 tem-

141 1066 443 1127 perationem,
474 1071 520 1111 et
550 1067 612 1111 ita
644 1065 835 1112 naribus
866 1066 1085 1126 paulatim
1115 1067 1393 1113 infunditur.
1450 1067 1518 1113 Ad
1550 1081 1735 1127 gravem
1767 1079 1820 1116 21

142 1134 330 1180 odorem
361 1135 556 1196 narium,
588 1149 803 1181 ozaenam
829 1135 992 1182 Graeci
1019 1135 1106 1182 hoc
1138 1138 1300 1182 vitium
1334 1144 1512 1198 vocant,
1542 1136 1734 1197 prodest

82 1218 120 1249 15
145 1205 329 1264 egregie
374 1203 462 1250 hoc
499 1205 910 1251 medicamentum:
961 1206 1209 1266 Aeruginis
1247 1206 1294 1252 P.
1333 1205 1351 1251 Ι
1397 1212 1478 1252 aut
1515 1220 1734 1266 squamae

141 1275 262 1319 aeris
299 1273 347 1319 P.
378 1272 398 1318 l
434 1275 480 1319 in
519 1273 667 1320 mellis
706 1273 802 1320 P.I
847 1277 984 1336 coqui
1030 1275 1265 1336 oportebit
1309 1282 1356 1322 et
1400 1290 1453 1321 eo
1503 1277 1574 1321 uti
1616 1276 1735 1321 adsi-

143 1343 232 1389 dua
270 1343 515 1390 infusione.
574 1344 642 1389 Ad
680 1344 872 1405 polypos
911 1345 1140 1391 sanandos
1172 1347 1289 1405 misy
1321 1354 1491 1407 ustum,
1530 1345 1734 1391 chalciti-
1765 1358 1817 1395 22

142 1412 245 1458 dem
285 1420 457 1475 ustam,
503 1427 580 1459 aes
618 1422 797 1475 ustum,
835 1415 955 1460 aeris
993 1429 1252 1475 squamam,
1291 1415 1482 1475 paribus
1521 1415 1734 1475 ponderi-

142 1481 228 1528 bus
267 1483 436 1529 siccata
474 1482 588 1529 haec
626 1482 743 1529 bene
780 1489 906 1529 teres
945 1489 991 1529 et
1028 1499 1082 1530 eo
1120 1484 1312 1545 pulvere
1347 1486 1495 1531 uteris
1527 1484 1733 1531 adsidue.

78 1566 119 1596 20
142 1550 258 1605 Quia
304 1566 412 1598 vero
450 1552 725 1613 plerumque
771 1560 998 1599 vexantur
1043 1568 1179 1600 nares
1217 1554 1476 1616 gravidine,
1522 1569 1640 1615 quae
1679 1569 1735 1600 ex
1766 1567 1817 1604 23

141 1635 303 1667 umore
342 1636 501 1667 earum
540 1622 757 1684 efficitur,
794 1637 886 1668 non
924 1622 1126 1670 alienum
1159 1631 1230 1669 est
1261 1626 1383 1670 scire
1415 1626 1515 1670 eius
1547 1638 1733 1684 quoque

141 1692 211 1736 rei
248 1691 466 1737 remedia.
538 1691 734 1737 Prodest
770 1694 913 1752 igitur
951 1695 1084 1753 quies
1121 1695 1262 1740 unius
1300 1694 1392 1739 diei
1431 1701 1476 1740 et
1514 1693 1570 1740 ab
1609 1695 1736 1739 omni

142 1774 192 1805 re
224 1761 518 1821 abstinentia,
549 1762 908 1821 perunguendae
940 1762 1242 1809 nihilominus
1274 1778 1411 1810 nares
1442 1769 1583 1810 erunt
1613 1763 1734 1809 bitu—

141 1832 264 1875 mine
308 1830 484 1891 liquido
532 1837 612 1876 aut
654 1845 811 1877 murra
857 1838 1002 1878 stacta
1047 1833 1117 1878 vel
1155 1835 1258 1893 pice
1304 1833 1500 1894 liquida,
1544 1840 1733 1894 postero

78 1914 118 1945 25
142 1906 296 1946 autem
334 1900 407 1945 die
446 1899 658 1960 pastillus
695 1901 814 1946 infra
853 1903 1056 1963 scriptus
1094 1905 1141 1948 in
1179 1910 1365 1949 noctem
1404 1918 1546 1964 super
1577 1903 1733 1949 cibum

141 1969 319 2015 dandus
350 1971 440 2015 erit
468 1979 513 2015 et
539 1972 578 2015 si
602 1984 719 2030 opus
746 1970 900 2032 fuerit,
931 1986 1015 2031 per
1038 1972 1246 2018 triduum
1271 1974 1544 2019 continuum
1570 1972 1733 2018 eodem

142 2045 350 2099 tempore
397 2038 603 2101 dabitur,
652 2041 732 2100 qui
779 2042 947 2101 recipit
991 2041 1126 2088 haec:
1184 2042 1289 2102 Apii
1335 2044 1526 2088 seminis
1564 2042 1603 2087 X
1635 2041 1733 2102 1111,

140 2110 258 2154 anisi
289 2108 327 2154 X
359 2108 434 2170 111,
472 2108 635 2155 alterci
666 2111 870 2172 seminis,
902 2111 1025 2171 quod
1057 2110 1358 2173 hyoscyamos
1390 2112 1576 2173 dicitur,
1607 2111 1647 2157 Χ
1678 2111 1732 2171 ΙΙ,

140 2179 231 2239 opii
278 2179 522 2224 denarium
567 2179 823 2226 dimidium.
898 2179 1039 2226 Fiunt
1086 2187 1240 2227 autem
1293 2181 1465 2242 pastilli
1509 2183 1732 2242 ponderis

77 2261 118 2292 30
140 2250 370 2294 victoriati
407 2255 454 2294 et
491 2248 567 2294 alii
605 2251 742 2294 tertia
780 2257 911 2309 parte
955 2250 1181 2312 detracta,
1227 2251 1396 2297 dantur
1442 2265 1547 2298 cum
1587 2265 1733 2311 aquae

141 2317 318 2379 cyathis
356 2317 519 2364 tribuS.
594 2318 790 2364 Faciunt
828 2325 983 2365 autem
1026 2327 1071 2366 et
1109 2320 1163 2366 ad
1204 2320 1445 2366 oculorum
1485 2320 1732 2381 epiphoras

142 2393 188 2434 et
225 2387 451 2434 stomachi
489 2402 706 2434 nauseam
745 2396 790 2434 et
829 2389 1193 2436 deiectiunculas
1232 2397 1279 2436 et
1315 2390 1371 2436 ad
1403 2405 1587 2436 omnem
1618 2389 1731 2436 ssuo-

140 2471 254 2503 rem.
315 2451 457 2503 Sistet
495 2459 766 2519 sanguinem
805 2472 966 2504 sevum
1004 2474 1058 2505 ex
1091 2466 1278 2505 omento
1316 2461 1502 2521 pecoris
1541 2459 1731 2506 naribus
1762 2470 1816 2507 24

254 2581 276 2618 7
309 2577 438 2619 oriza.
574 2583 598 2620 9
630 2579 802 2620 adiecto
834 2592 912 2621 om.
1052 2583 1102 2621 10
1134 2579 1374 2632 gravidine.
1506 2585 1555 2621 17
1586 2580 1730 2622 misni.

143 2633 390 2674 calchitidis
427 2635 548 2676 ustae
591 2635 702 2676 aeris
748 2636 850 2677 usti.
996 2639 1046 2676 18
1085 2636 1198 2676 aeris
1238 2640 1337 2677 ante
1381 2648 1609 2689 squamam
1651 2650 1729 2678 om.

144 2692 196 2730 20
233 2702 334 2731 vero
376 2702 454 2733 om.
625 2695 676 2732 27
715 2689 756 2731 Χ
780 2691 876 2742 1111,
917 2691 1028 2732 anisi
1057 2690 1204 2742 XIII,
1243 2691 1396 2732 alterci
1435 2692 1613 2732 seminis
1651 2704 1731 2735 om.

143 2749 194 2785 32
228 2745 554 2800 eiectiunculas,
584 2749 751 2789 correoei
779 2760 800 2789 e
830 2747 964 2790 Serio.
1081 2751 1132 2788 33
1164 2749 1288 2788 sistet,
1317 2752 1392 2789 Im
1422 2747 1540 2790 sistit
1567 2752 1662 2791 2m.
