1930 3008
797 116 853 122 —
931 87 1175 138 275—

183 215 256 262 vel
299 214 462 262 similis
500 215 641 263 huius
679 216 906 262 sextarios
943 214 1162 276 singulos,
1229 213 1353 261 Haec
1392 217 1547 262 omnia
1583 221 1779 263 contun-

184 285 360 332 duntur
397 290 444 331 et
481 284 764 347 cribrantur,
808 284 956 331 donec
992 284 1310 331 mollissimam
1350 287 1623 332 tenuitatem
1662 287 1780 333 acci-

182 355 333 416 piant3
364 359 464 400 tum
494 356 543 401 in
571 354 788 415 patellam
819 354 1009 401 fictilem
1039 368 1203 400 novam
1235 354 1327 400 mel
1357 354 1622 401 infunditur
1652 362 1780 416 tepe-

183 423 358 470 factum
394 423 522 470 molli
559 438 722 486 pruna,
761 423 868 470 dein
907 426 1066 471 vinum
1099 423 1353 470 instillatur
1382 429 1616 470 macerato
1646 426 1780 486 prius

140 494 231 539 5in
277 507 331 539 eo
375 493 676 555 tragacantho
722 494 1022 555 vicissimque
1063 500 1247 540 ceterae
1286 495 1466 554 species
1503 495 1779 555 inspargun-

183 568 282 625 tur3
320 568 420 609 tum
459 563 598 609 simul
635 569 849 610 movetur
878 563 1269 610 medicamentum
1301 569 1348 610 et
1377 564 1532 609 omnia
1562 562 1780 610 omnibus

181 632 540 693 permiscentur.
597 631 714 678 Cum
744 638 900 678 autem
930 634 1173 679 crocinum
1205 631 1408 679 colorem
1438 632 1656 680 habuerit
1685 648 1779 680 me·

181 700 516 763 dicamentum‚
568 701 914 748 transfunditur
957 703 1006 747 in
1055 703 1330 749 mortarium
1378 704 1680 750 marmorium
1733 709 1781 749 et

180 769 247 815 ibi
277 770 451 830 pistillo
481 770 601 817 hene
632 769 878 817 subactum
909 772 1155 831 reponitur
1185 773 1234 817 in
1258 771 1424 832 pyxide
1449 786 1640 834 cornea3
1672 787 1780 819 cum

119 852 160 884 ιο
182 853 299 900 opus
344 846 436 903 est,
482 839 620 886 datur
663 840 717 886 ad
764 854 906 901 supra
949 839 1072 886 dicta
1117 854 1224 887 cum
1269 842 1364 887 vini
1409 841 1587 902 cyathis
1624 841 1779 888 tribus

181 908 386 955 admixto
425 914 555 955 aceto
595 914 733 970 atque
770 908 921 970 melle,
958 917 1099 970 prout
1135 911 1288 956 visum
1326 910 1483 957 fuerit.

320 977 388 1024 Ad
421 978 581 1024 eadem
611 978 871 1025 remedium
902 979 1080 1041 efficax,
1112 979 1236 1040 quod
1268 980 1516 1026 conficitur
1539 981 1628 1026 sic:
1658 979 1778 1041 Myr-
1809 991 1834 1029 9

179 1060 259 1093 rae
297 1046 472 1110 XIIII,
517 1049 644 1094 croci
681 1053 728 1094 et
764 1049 954 1109 panacis
993 1047 1033 1094 X
1070 1055 1252 1111 ternos,
1291 1048 1453 1095 alterci
1491 1048 1530 1094 X
1562 1048 1610 1112 V,
1649 1051 1780 1096 anesi

181 1115 312 1178 XII,
357 1118 450 1177 apii
494 1118 685 1163 seminis
722 1116 761 1162 X
791 1116 849 1178 V,
895 1118 990 1179 opii
1026 1117 1065 1162 X
1103 1117 1164 1180 ΙΙ,
1207 1120 1450 1179 papaveris
1496 1120 1686 1179 capitati
1732 1125 1779 1166 et

117 1199 158 1231 15
181 1187 303 1232 asari
340 1185 379 1231 X
417 1188 606 1248 quinos,
645 1185 788 1246 gallae
828 1186 1043 1247 Syriacae
1080 1188 1339 1233 inmaturae
1377 1187 1417 1233 X
1448 1187 1526 1249 Vl,
1564 1190 1684 1234 mori
1722 1203 1778 1235 ex

180 1254 300 1301 rubo
344 1256 566 1302 inmaturi
608 1255 726 1302 aridi
770 1254 810 1301 X
840 1255 944 1315 1111,
989 1270 1122 1302 rosae
1167 1256 1322 1302 aridae
1364 1256 1403 1302 X
1436 1257 1513 1319 Vl,
1559 1257 1778 1305 balaustii

180 1323 220 1370 X
250 1323 333 1386 111,
375 1338 509 1371 rosae
547 1326 738 1371 caninae
778 1327 880 1371 suci
915 1324 955 1371 X
987 1323 1069 1388 ΙΙΙ,
1115 1325 1230 1372 rhus
1271 1325 1486 1387 Syriacae
1524 1325 1563 1372 X
1595 1326 1644 1389 V,
1682 1327 1776 1389 pal-

179 1407 360 1440 marum
385 1399 687 1455 purgatarum
711 1393 751 1440 X
775 1393 872 1440 XX.
918 1394 1044 1448 Quae
1069 1401 1338 1456 coquuntur
1362 1410 1417 1442 ex
1441 1410 1587 1457 aquae
1611 1398 1775 1443 cister-

180 1465 317 1510 ninae
363 1465 576 1510 sextariis
620 1463 792 1526 tribus,
838 1463 986 1510 donec
1031 1464 1326 1525 relinquatur
1370 1467 1599 1512 sextarius
1637 1480 1776 1530 unus,

117 1546 158 1577 20
181 1532 347 1578 deinde
377 1534 504 1593 ipsae
534 1532 712 1594 palmae
745 1535 1071 1594 exprimuntur
1101 1533 1232 1594 prelo
1264 1540 1344 1581 aut
1374 1535 1549 1597 coclea3
1582 1550 1638 1582 ex
1662 1550 1774 1583 suco

180 1602 343 1648 eodem
388 1608 526 1662 atque
565 1616 683 1669 aqua
721 1602 901 1649 modica
938 1603 1057 1650 fiunt
1094 1603 1151 1649 de
1191 1618 1332 1664 supra
1370 1606 1558 1665 scriptis
1597 1607 1775 1666 specie-

178 1669 266 1717 bus
311 1673 358 1717 in
397 1671 636 1732 pulverem
673 1672 875 1719 redactis
914 1672 1083 1732 pastilli
1120 1672 1176 1719 ad
1215 1672 1255 1718 X
1294 1675 1558 1735 semissem3
1604 1674 1776 1721 dantur

179 1740 406 1802 similiter,
429 1746 481 1786 ut
503 1742 635 1801 prius
658 1741 1049 1788 medicamentum
1073 1742 1172 1788 dari
1196 1749 1413 1803 oportere
1435 1746 1774 1804 praecepimus,

317 1809 515 1855 Prodest
550 1811 820 1856 torminosis
853 1810 1133 1871 plantaginis
1164 1826 1307 1858 sucus
1338 1812 1410 1858 vel
1439 1812 1547 1859 rubi
1577 1813 1648 1859 vel
1677 1813 1772 1860 len-
1807 1824 1858 1863 10

116 1891 156 1922 25
179 1880 285 1924 tisci
329 1878 401 1924 vel
445 1878 560 1925 rhus
599 1879 776 1940 Syriaci
822 1880 892 1926 vel
935 1880 1107 1927 herbae
1149 1881 1358 1927 milefolii
1394 1882 1467 1927 vel
1503 1882 1772 1947 terebinthi,

179 1949 386 1994 omnium
424 1948 480 1994 ad
518 1947 558 1993 X
596 1950 837 1995 semissem
874 1956 1014 2010 potus
1052 1965 1158 1996 cum
1196 1952 1301 1997 vino
1339 1951 1412 1997 vel
1449 1966 1579 2013 aqua.
1646 1952 1772 2000 Bene
1804 1963 1852 2000 11

178 2017 287 2063 facit
324 2019 594 2064 torminosis
631 2020 824 2064 rumicis
863 2033 1036 2081 semen,
1076 2025 1300 2080 quantum
1338 2020 1476 2081 ligula
1516 2023 1653 2084 capit,
1690 2024 1772 2070 tri-

178 2092 277 2132 tum
323 2101 378 2132 ex
424 2088 517 2132 vini
560 2089 736 2134 austeri
780 2088 957 2148 cyathis
1003 2094 1223 2150 quattuor
1271 2089 1340 2136 vel
1385 2104 1530 2151 aquae
1579 2091 1771 2139 totidem

177 2157 226 2201 in
270 2162 479 2217 tempore
524 2162 698 2216 potum.
766 2157 965 2203 Glandes
1008 2160 1258 2219 quercinae
1297 2166 1393 2206 tres
1432 2166 1512 2207 aut
1550 2158 1770 2222 quattuor
1802 2172 1854 2210 12

113 2237 154 2267 30
177 2224 249 2270 vel
287 2225 496 2271 eiusdem
535 2226 641 2272 folia
679 2225 749 2272 vel
786 2226 905 2272 liber
943 2229 1044 2273 eius
1083 2233 1243 2275 coctus
1282 2242 1338 2275 ex
1376 2244 1508 2292 aqua,
1546 2245 1663 2291 quae
1697 2231 1772 2278 vel

178 2293 274 2340 sola
318 2294 390 2340 vel
430 2309 537 2341 cum
574 2297 681 2341 vino
719 2297 989 2343 torminosis
1026 2299 1158 2357 potui
1195 2297 1300 2344 data
1337 2299 1591 2359 plurimum
1629 2301 1768 2361 prod-

178 2370 261 2409 est.
314 2363 604 2427 Ceratitidos‚
643 2379 781 2426 quam
818 2365 1008 2412 herbam
1047 2381 1132 2412 nos
1162 2366 1328 2414 violam
1358 2370 1585 2415 marinam
1616 2370 1770 2430 appel·
1805 2381 1854 2419 13

178 2431 339 2495 lamus,
375 2434 556 2480 radices
593 2436 737 2480 trium
775 2435 1027 2495 digitorum
1064 2437 1382 2497 magnitudine
1420 2440 1631 2485 incoctae
1663 2441 1770 2486 vino

179 2506 364 2547 austero
402 2505 684 2550 torminosos
722 2506 902 2567 iuvant,
941 2507 980 2551 si
1017 2504 1131 2552 illud
1170 2507 1329 2552 vinum
1367 2507 1568 2555 admixta
1605 2508 1769 2556 leviter

321 2611 345 2648 5
376 2609 620 2652 tracantho.
727 2614 776 2651 11
809 2611 958 2666 prout]
990 2624 1082 2665 pro.
1183 2616 1233 2654 15
1266 2612 1379 2654 asari
1408 2615 1583 2668 scripsi:
1613 2614 1766 2658 sariae.

175 2662 600 2762 lssmbalaugffciifivat
631 2669 682 2707 32
715 2665 987 2709 caratitidos.
1110 2679 1189 2709 nos
1219 2667 1383 2710 violam
1411 2671 1587 2724 scripsi:
1616 2671 1768 2714 novio-

1431 2797 1515 2837 18*
