1930 3008
738 101 978 151 —299
1053 130 1117 136 —

135 245 254 295 quae
292 230 462 278 Gallice
500 229 663 277 alauda
693 229 878 292 dicitur,
917 230 1012 276 sive
1050 229 1150 289 ipsa
1180 235 1331 275 assata
1360 230 1408 275 in
1439 229 1543 276 cibo
1575 242 1726 275 suma-

134 310 214 350 tur
250 301 346 347 sive
384 315 489 347 cum
528 299 700 361 plumis
738 300 835 346 suis
873 298 1115 345 combusta
1157 298 1397 359 redigatur
1434 300 1481 345 in
1519 299 1726 345 cinerem

134 376 274 432 atque
320 384 375 417 ex
423 384 476 416 eo
525 369 879 431 diligentissime
923 370 1034 415 trito
1078 373 1212 414 terna
1257 367 1473 415 cocliaria
1514 382 1571 414 ex
1607 381 1727 429 aqua

133 440 280 488 calida
317 441 449 501 potui
484 453 570 501 per
607 438 814 486 triduum
851 438 1036 485 dentur.

89 522 111 555 5
274 509 473 556 Unicum
511 515 583 555 cst
619 509 891 555 intestinum
931 507 1145 568 ossifragi
1181 508 1325 554 mirae
1355 513 1564 570 naturae,
1602 506 1726 569 quod

133 581 287 626 omnia
324 579 539 626 devorata
578 579 804 624 citissime
842 578 1050 640 conficit3
1087 577 1228 624 huius
1257 591 1366 639 pars
1397 583 1604 624 extrema
1635 576 1727 624 col-

130 649 293 710 ligitur
329 654 376 695 et
411 648 656 709 reponitur
694 654 741 694 et
777 661 885 693 cum
922 661 1040 708 opus
1077 647 1240 709 fuerit,
1284 648 1437 694 ventri
1472 646 1726 693 laborantis

131 718 365 779 alligatur,
401 719 521 764 miro
558 716 765 763 remedio
804 730 965 763 omnes
1002 718 1332 763 intestinorum
1374 716 1559 763 dolores
1598 717 1724 763 citis·

131 788 247 834 sime
284 786 428 833 sedat.

0 861 2 880 ³
66 871 108 903 10
269 856 390 917 Lupi
433 861 617 902 stercus
661 854 912 901 dummodo
955 868 1049 900 non
1086 855 1136 900 in
1172 861 1298 901 terra
1335 856 1599 917 inventum,
1643 853 1726 901 sed

130 939 270 987 supra
308 925 479 972 fustem
516 931 596 971 aut
634 938 776 985 supra
812 923 986 970 astulas
1023 930 1104 970 aut
1139 938 1280 984 supra
1310 925 1504 971 iuncum
1535 923 1724 984 colliges

129 1002 177 1042 et
221 994 428 1042 servabis
471 1000 517 1041 et
554 1009 661 1041 cum
699 1008 818 1054 opus
855 993 1018 1057 fuerit,
1062 992 1294 1040 laboranti
1330 993 1476 1040 colico
1515 993 1724 1054 alligabis

129 1064 186 1111 ad
230 1063 474 1111 brachium
518 1063 590 1110 vel
635 1063 691 1109 ad
739 1063 909 1109 collum
946 1064 994 1108 in
1032 1077 1137 1109 osse
1176 1068 1256 1109 aut
1291 1064 1340 1109 in
1379 1077 1521 1124 cypro
1559 1069 1641 1109 aut
1676 1064 1725 1109 in

130 1148 243 1181 auro
283 1134 465 1180 clusum
502 1133 703 1194 licioque
742 1146 1044 1195 suspensum3
1083 1132 1165 1178 sed
1203 1134 1335 1192 prius
1373 1147 1429 1178 ex
1466 1134 1568 1193 ipso
1607 1138 1723 1179 ster-

68 1217 109 1249 15
133 1217 240 1250 core
285 1202 506 1264 pusillum
548 1203 783 1263 ignoranti
828 1217 884 1247 ex
928 1215 1045 1262 aqua
1091 1201 1237 1247 calida
1274 1200 1531 1248 bibendum
1571 1201 1724 1264 dabis3

130 1274 248 1319 mire
287 1272 597 1333 celeriterque
635 1270 898 1319 subvenies.

270 1341 419 1388 Ovum
455 1355 622 1388 recens
659 1341 857 1388 crudum
895 1341 1140 1387 summiter
1173 1346 1389 1400 apertum
1419 1339 1647 1387 defundes
1679 1345 1726 1387 et

130 1413 230 1459 eius
261 1417 431 1458 testam
462 1411 563 1457 oleo
594 1410 731 1457 viridi
761 1409 977 1470 implebis
1009 1415 1055 1456 et
1085 1409 1334 1471 defundes;
1366 1409 1582 1456 similiter
1611 1409 1724 1456 lotio

129 1480 300 1542 puerili
344 1479 557 1541 implebis
603 1486 650 1526 et
693 1479 923 1526 defundes
965 1478 1209 1539 mellisque
1247 1478 1522 1526 tantundem
1561 1479 1723 1526 defun-

66 1563 108 1595 20
133 1550 236 1612 des,
279 1557 380 1597 tum
424 1549 671 1611 diligenter
715 1549 869 1596 omnia
905 1547 1213 1609 permiscebis
1252 1554 1297 1595 et
1335 1550 1382 1594 in
1421 1563 1540 1610 aqua
1578 1548 1724 1595 calida

130 1620 382 1681 tepefacies
419 1633 472 1666 ac
508 1620 666 1666 ieiuno
703 1618 903 1665 bibenda
935 1617 1079 1664 dabis.
1131 1617 1256 1664 Haec
1288 1619 1414 1679 potio
1446 1632 1541 1664 non
1572 1617 1723 1665 solum

131 1695 315 1736 stercus
369 1694 625 1750 vetustum,
679 1687 803 1749 quod
853 1687 1036 1734 dolores
1087 1685 1324 1734 intestinis
1377 1687 1509 1750 facit,
1560 1702 1724 1734 verum

131 1760 271 1806 etiam
315 1757 586 1805 lumbricos·
613 1759 750 1804 eiciet
794 1763 841 1804 et
883 1756 1075 1803 ardores
1119 1756 1503 1816 praecordiorum
1547 1757 1723 1804 febres-

132 1842 223 1890 que
261 1827 455 1874 sedabit.

68 1910 110 1941 25
271 1896 452 1943 Erucae
483 1897 766 1942 semunciam
798 1901 1013 1942 conteres
1037 1900 1084 1942 et
1107 1896 1164 1959 ei,
1197 1896 1279 1956 qui
1299 1894 1556 1942 lumbricos
1578 1897 1723 1957 patie-

132 1973 225 2028 tur,
255 1980 311 2012 ex
341 1967 446 2011 vino
477 1970 634 2011 vetere
666 1965 861 2011 candido
888 1966 1045 2011 ieiuno
1069 1970 1116 2011 et
1139 1965 1450 2026 digestissimo
1474 1964 1724 2012 bibendam

133 2035 278 2098 dabis,
315 2036 428 2081 satis
464 2033 687 2095 proderit.

271 2104 340 2150 Ad
384 2106 651 2150 interaneos
695 2103 882 2150 morbos
928 2102 1120 2164 serpulli
1161 2102 1344 2164 pondus
1382 2104 1614 2150 victoriati
1651 2118 1722 2150 ar-

133 2176 289 2235 gentei
318 2174 573 2220 contritum
604 2179 651 2219 et
682 2187 738 2219 ex
768 2174 873 2219 vino
904 2173 1037 2233 potui
1059 2172 1232 2235 datum,
1262 2172 1546 2220 febricitanti
1569 2179 1725 2220 autem

69 2257 112 2288 80
135 2258 189 2290 ex
236 2243 385 2290 mulsa
430 2257 546 2303 aqua
593 2242 748 2303 tepida
798 2243 1008 2288 internos
1061 2241 1244 2288 dolores
1287 2244 1463 2288 ventris
1507 2248 1725 2304 potenter

134 2313 362 2360 emendat.
426 2311 648 2358 Verbasci
691 2311 861 2358 radicis
906 2313 1131 2358 corticem
1175 2311 1403 2358 detrahito
1445 2316 1492 2358 et
1529 2318 1724 2359 contun-

136 2382 232 2428 dito
283 2397 335 2428 ac
393 2396 559 2428 sucum
609 2382 710 2428 eius
755 2396 840 2442 per
884 2380 1078 2427 linteum
1123 2382 1370 2441 exprimito
1417 2395 1616 2442 eumque
1668 2395 1725 2428 ex

136 2464 254 2511 aqua
289 2451 437 2497 mulsa
474 2457 555 2498 aut
590 2453 695 2497 vino
733 2450 988 2497 bibendum
1025 2450 1155 2513 dat03
1194 2451 1348 2496 omnia
1377 2451 1725 2497 interaneorum

276 2574 300 2610 2
341 2570 584 2612 cumbusta.
757 2576 781 2612 6
820 2568 1064 2623 collegitur.
1245 2574 1270 2612 8
1307 2570 1520 2612 minorem
1564 2570 1724 2612 medio.

141 2627 191 2666 15
221 2624 431 2678 pisinum.
569 2631 620 2667 19
650 2627 779 2668 verba
808 2625 1039 2678 mellisque
1068 2625 1331 2668 tantundem
1362 2625 1574 2667 defundes
1604 2627 1725 2679 apud

139 2680 399 2723 Coo-narium
428 2684 527 2723 ante
556 2681 759 2723 similiter
787 2680 897 2723 lotio
928 2682 1134 2723 collocata
1162 2685 1275 2724 sunt.
1447 2686 1501 2724 26
1533 2682 1723 2723 candito.

138 2740 191 2778 28
222 2737 267 2778 et
295 2736 505 2790 argentei.
618 2742 671 2779 29
703 2738 748 2779 et
777 2741 877 2780 ante
906 2749 958 2779 ex
988 2749 1066 2780 om.

1757 517 1808 555 51

1756 863 1808 901 52

1755 1348 1808 1387 53

1754 1904 1808 1943 54

1754 2113 1807 2151 55

1755 2322 1808 2361 56
