<?xml version="1.0" encoding="UTF-8"?>
<!DOCTYPE html PUBLIC "-//W3C//DTD XHTML 1.0 Transitional//EN"
    "http://www.w3.org/TR/xhtml1/DTD/xhtml1-transitional.dtd">
<html xmlns="http://www.w3.org/1999/xhtml" xml:lang="en" lang="en">
 <head>
  <title>
</title>
<meta http-equiv="Content-Type" content="text/html;charset=utf-8" />
  <meta name='ocr-system' content='tesseract 3.04.00' />
  <meta name='ocr-capabilities' content='ocr_page ocr_carea ocr_par ocr_line ocrx_word'/>
</head>
<body>
  <div class='ocr_page' id='page_1' title='image "./demedicamentisli00marcuoft_0345.png"; bbox 0 0 1930 3008; ppageno 0'>
   <div class='ocr_carea' id='block_1_1' title="bbox 726 83 1110 134">
    <p class='ocr_par' dir='ltr' id='par_1_1' title="bbox 726 83 1110 134">
     <span class='ocr_line' id='line_1_1' title="bbox 726 83 1110 134; baseline 0 0"><span class='ocrx_word' id='word_1_1' title='bbox 726 83 1110 134; x_wconf 79' lang='lat'><strong>—333-</strong></span> 
     </span>
    </p>
   </div>
   <div class='ocr_carea' id='block_1_2' title="bbox 122 210 1802 487">
    <p class='ocr_par' dir='ltr' id='par_1_2' title="bbox 122 210 1802 487">
     <span class='ocr_line' id='line_1_2' title="bbox 123 210 1718 273; baseline -0.003 -11"><span class='ocrx_word' id='word_1_2' title='bbox 123 221 171 263; x_wconf 91' lang='lat' dir='ltr'>et</span> <span class='ocrx_word' id='word_1_3' title='bbox 206 216 255 261; x_wconf 91' lang='lat' dir='ltr'>in</span> <span class='ocrx_word' id='word_1_4' title='bbox 293 215 499 260; x_wconf 90' lang='lat' dir='ltr'>cinerem</span> <span class='ocrx_word' id='word_1_5' title='bbox 530 212 715 273; x_wconf 83' lang='lat' dir='ltr'><strong>rediges</strong></span> <span class='ocrx_word' id='word_1_6' title='bbox 747 217 794 259; x_wconf 88' lang='lat' dir='ltr'>et</span> <span class='ocrx_word' id='word_1_7' title='bbox 825 210 1042 259; x_wconf 88' lang='lat' dir='ltr'>criblabis</span> <span class='ocrx_word' id='word_1_8' title='bbox 1073 216 1120 258; x_wconf 90' lang='lat' dir='ltr'>et</span> <span class='ocrx_word' id='word_1_9' title='bbox 1148 210 1256 258; x_wconf 91' lang='lat' dir='ltr'>inde</span> <span class='ocrx_word' id='word_1_10' title='bbox 1288 211 1497 259; x_wconf 89' lang='lat' dir='ltr'>cocleare</span> <span class='ocrx_word' id='word_1_11' title='bbox 1528 211 1718 273; x_wconf 90' lang='lat' dir='ltr'>plenum</span> 
     </span>
     <span class='ocr_line' id='line_1_3' title="bbox 122 280 1718 346; baseline -0.003 -14"><span class='ocrx_word' id='word_1_12' title='bbox 122 287 172 332; x_wconf 91' lang='lat' dir='ltr'>in</span> <span class='ocrx_word' id='word_1_13' title='bbox 202 297 498 346; x_wconf 92' lang='lat' dir='ltr'>quacumque</span> <span class='ocrx_word' id='word_1_14' title='bbox 528 284 717 345; x_wconf 90' lang='lat' dir='ltr'>potione</span> <span class='ocrx_word' id='word_1_15' title='bbox 749 281 879 329; x_wconf 90' lang='lat' dir='ltr'>dabis</span> <span class='ocrx_word' id='word_1_16' title='bbox 909 283 967 343; x_wconf 90' lang='lat' dir='ltr'>ei,</span> <span class='ocrx_word' id='word_1_17' title='bbox 1000 283 1082 343; x_wconf 89' lang='lat' dir='ltr'>qui</span> <span class='ocrx_word' id='word_1_18' title='bbox 1114 280 1524 328; x_wconf 84' lang='lat' dir='ltr'>haemorrhoidum</span> <span class='ocrx_word' id='word_1_19' title='bbox 1555 282 1718 328; x_wconf 90' lang='lat' dir='ltr'>nimie-</span> 
     </span>
     <span class='ocr_line' id='line_1_4' title="bbox 123 350 1802 402; baseline -0.002 0"><span class='ocrx_word' id='word_1_20' title='bbox 123 360 215 402; x_wconf 85' lang='lat' dir='ltr'>tate</span> <span class='ocrx_word' id='word_1_21' title='bbox 269 359 474 400; x_wconf 85' lang='lat' dir='ltr'>vexatur.</span> <span class='ocrx_word' id='word_1_22' title='bbox 555 351 798 400; x_wconf 89' lang='lat' dir='ltr'>Ruborum</span> <span class='ocrx_word' id='word_1_23' title='bbox 854 350 1070 398; x_wconf 83' lang='lat' dir='ltr'>cauliculi</span> <span class='ocrx_word' id='word_1_24' title='bbox 1122 352 1275 397; x_wconf 92' lang='lat' dir='ltr'>teneri</span> <span class='ocrx_word' id='word_1_25' title='bbox 1325 350 1591 398; x_wconf 90' lang='lat' dir='ltr'>tunduntur</span> <span class='ocrx_word' id='word_1_26' title='bbox 1643 366 1718 398; x_wconf 84' lang='lat' dir='ltr'>ex-</span> <span class='ocrx_word' id='word_1_27' title='bbox 1749 361 1802 398; x_wconf 89' lang='lat'>31</span> 
     </span>
     <span class='ocr_line' id='line_1_5' title="bbox 122 420 1719 487; baseline -0.002 -16"><span class='ocrx_word' id='word_1_28' title='bbox 122 438 409 487; x_wconf 88' lang='lat' dir='ltr'>pressusque</span> <span class='ocrx_word' id='word_1_29' title='bbox 455 437 510 469; x_wconf 82' lang='lat' dir='ltr'>ex</span> <span class='ocrx_word' id='word_1_30' title='bbox 555 422 629 468; x_wconf 92' lang='lat' dir='ltr'>his</span> <span class='ocrx_word' id='word_1_31' title='bbox 673 436 815 468; x_wconf 91' lang='lat' dir='ltr'>sucus</span> <span class='ocrx_word' id='word_1_32' title='bbox 859 423 907 468; x_wconf 91' lang='lat' dir='ltr'>in</span> <span class='ocrx_word' id='word_1_33' title='bbox 953 421 1235 468; x_wconf 90' lang='lat' dir='ltr'>calidissimo</span> <span class='ocrx_word' id='word_1_34' title='bbox 1273 420 1370 467; x_wconf 92' lang='lat' dir='ltr'>sole</span> <span class='ocrx_word' id='word_1_35' title='bbox 1407 422 1621 484; x_wconf 82' lang='lat' dir='ltr'>ponitur,</span> <span class='ocrx_word' id='word_1_36' title='bbox 1666 427 1719 468; x_wconf 90' lang='lat' dir='ltr'>ut</span> 
     </span>
    </p>
   </div>
   <div class='ocr_carea' id='block_1_3' title="bbox 47 490 1716 555">
    <p class='ocr_par' dir='ltr' id='par_1_3' title="bbox 47 490 1716 555">
     <span class='ocr_line' id='line_1_6' title="bbox 47 490 1716 555; baseline -0.003 -14"><span class='ocrx_word' id='word_1_37' title='bbox 47 492 54 500; x_wconf 82' lang='grc'><strong>”</strong></span> <span class='ocrx_word' id='word_1_38' title='bbox 79 507 101 540; x_wconf 75' lang='lat'><strong>5</strong></span> <span class='ocrx_word' id='word_1_39' title='bbox 124 508 273 555; x_wconf 91' lang='lat' dir='ltr'>usque</span> <span class='ocrx_word' id='word_1_40' title='bbox 312 493 368 540; x_wconf 89' lang='lat' dir='ltr'>ad</span> <span class='ocrx_word' id='word_1_41' title='bbox 406 491 765 540; x_wconf 83' lang='lat' dir='ltr'>crassitudinem</span> <span class='ocrx_word' id='word_1_42' title='bbox 794 490 945 538; x_wconf 91' lang='lat' dir='ltr'>mellis</span> <span class='ocrx_word' id='word_1_43' title='bbox 976 492 1249 553; x_wconf 79' lang='lat' dir='ltr'>spissescat3</span> <span class='ocrx_word' id='word_1_44' title='bbox 1287 490 1363 537; x_wconf 92' lang='lat' dir='ltr'>hic</span> <span class='ocrx_word' id='word_1_45' title='bbox 1392 490 1589 538; x_wconf 91' lang='lat' dir='ltr'>haustus</span> <span class='ocrx_word' id='word_1_46' title='bbox 1620 491 1716 537; x_wconf 86' lang='lat' dir='ltr'>effi-</span> 
     </span>
    </p>
   </div>
   <div class='ocr_carea' id='block_1_4' title="bbox 58 559 1801 974">
    <p class='ocr_par' dir='ltr' id='par_1_4' title="bbox 58 559 1801 974">
     <span class='ocr_line' id='line_1_7' title="bbox 122 559 1801 622; baseline -0.003 -11"><span class='ocrx_word' id='word_1_47' title='bbox 122 565 364 611; x_wconf 90' lang='lat' dir='ltr'>cacissime</span> <span class='ocrx_word' id='word_1_48' title='bbox 395 561 806 609; x_wconf 82' lang='lat' dir='ltr'>haemorrhoidum</span> <span class='ocrx_word' id='word_1_49' title='bbox 837 562 1110 622; x_wconf 90' lang='lat' dir='ltr'>sanguinem</span> <span class='ocrx_word' id='word_1_50' title='bbox 1141 562 1278 607; x_wconf 89' lang='lat' dir='ltr'>sistit.</span> <span class='ocrx_word' id='word_1_51' title='bbox 1332 559 1587 621; x_wconf 85' lang='lat' dir='ltr'>Coagulum</span> <span class='ocrx_word' id='word_1_52' title='bbox 1618 575 1716 607; x_wconf 91' lang='lat' dir='ltr'>cer·</span> <span class='ocrx_word' id='word_1_53' title='bbox 1748 569 1801 606; x_wconf 83' lang='lat'>32</span> 
     </span>
     <span class='ocr_line' id='line_1_8' title="bbox 121 629 1718 694; baseline -0.001 -15"><span class='ocrx_word' id='word_1_54' title='bbox 121 635 279 681; x_wconf 83' lang='lat' dir='ltr'>vinum</span> <span class='ocrx_word' id='word_1_55' title='bbox 312 632 610 694; x_wconf 90' lang='lat' dir='ltr'>degluttitum</span> <span class='ocrx_word' id='word_1_56' title='bbox 641 632 914 693; x_wconf 88' lang='lat' dir='ltr'>sanguinem</span> <span class='ocrx_word' id='word_1_57' title='bbox 945 646 1000 678; x_wconf 87' lang='lat' dir='ltr'>ex</span> <span class='ocrx_word' id='word_1_58' title='bbox 1030 632 1207 677; x_wconf 89' lang='lat' dir='ltr'>intimis</span> <span class='ocrx_word' id='word_1_59' title='bbox 1241 629 1552 692; x_wconf 74' lang='lat' dir='ltr'>profluentem</span> <span class='ocrx_word' id='word_1_60' title='bbox 1585 630 1718 677; x_wconf 82' lang='lat' dir='ltr'>facile</span> 
     </span>
     <span class='ocr_line' id='line_1_9' title="bbox 123 700 1231 764; baseline -0.002 -14"><span class='ocrx_word' id='word_1_61' title='bbox 123 705 332 764; x_wconf 85' lang='lat' dir='ltr'>stringit3</span> <span class='ocrx_word' id='word_1_62' title='bbox 369 702 491 748; x_wconf 89' lang='lat' dir='ltr'>idem</span> <span class='ocrx_word' id='word_1_63' title='bbox 529 702 640 748; x_wconf 85' lang='lat' dir='ltr'>facit</span> <span class='ocrx_word' id='word_1_64' title='bbox 677 706 723 747; x_wconf 91' lang='lat' dir='ltr'>et</span> <span class='ocrx_word' id='word_1_65' title='bbox 761 701 1006 762; x_wconf 81' lang='lat' dir='ltr'>coagulum</span> <span class='ocrx_word' id='word_1_66' title='bbox 1043 700 1231 762; x_wconf 91' lang='lat' dir='ltr'>leporis.</span> 
     </span>
     <span class='ocr_line' id='line_1_10' title="bbox 261 769 1800 832; baseline -0.002 -14"><span class='ocrx_word' id='word_1_67' title='bbox 261 772 390 819; x_wconf 88' lang='lat' dir='ltr'>Luna</span> <span class='ocrx_word' id='word_1_68' title='bbox 428 770 534 818; x_wconf 87' lang='lat' dir='ltr'>XIII</span> <span class='ocrx_word' id='word_1_69' title='bbox 577 770 691 817; x_wconf 87' lang='lat' dir='ltr'>hora</span> <span class='ocrx_word' id='word_1_70' title='bbox 729 769 829 816; x_wconf 94' lang='lat' dir='ltr'>VIII</span> <span class='ocrx_word' id='word_1_71' title='bbox 870 776 1119 831; x_wconf 86' lang='lat' dir='ltr'>antequam</span> <span class='ocrx_word' id='word_1_72' title='bbox 1157 775 1323 817; x_wconf 84' lang='lat' dir='ltr'>exeant</span> <span class='ocrx_word' id='word_1_73' title='bbox 1359 770 1431 816; x_wconf 89' lang='lat' dir='ltr'>vel</span> <span class='ocrx_word' id='word_1_74' title='bbox 1469 776 1716 832; x_wconf 90' lang='lat' dir='ltr'>erumpant</span> <span class='ocrx_word' id='word_1_75' title='bbox 1746 779 1800 816; x_wconf 89' lang='lat'>33</span> 
     </span>
     <span class='ocr_line' id='line_1_11' title="bbox 58 839 1718 903; baseline -0.001 -14"><span class='ocrx_word' id='word_1_76' title='bbox 58 857 100 889; x_wconf 84' lang='lat'>10</span> <span class='ocrx_word' id='word_1_77' title='bbox 121 843 241 889; x_wconf 90' lang='lat' dir='ltr'>mori</span> <span class='ocrx_word' id='word_1_78' title='bbox 277 841 460 888; x_wconf 90' lang='lat' dir='ltr'>arboris</span> <span class='ocrx_word' id='word_1_79' title='bbox 499 840 626 903; x_wconf 80' lang='lat' dir='ltr'>folia,</span> <span class='ocrx_word' id='word_1_80' title='bbox 665 839 826 887; x_wconf 90' lang='lat' dir='ltr'>oculos</span> <span class='ocrx_word' id='word_1_81' title='bbox 864 845 962 886; x_wconf 89' lang='lat' dir='ltr'>tres</span> <span class='ocrx_word' id='word_1_82' title='bbox 998 839 1134 886; x_wconf 89' lang='lat' dir='ltr'>tolles</span> <span class='ocrx_word' id='word_1_83' title='bbox 1172 840 1330 901; x_wconf 83' lang='lat' dir='ltr'>digitis</span> <span class='ocrx_word' id='word_1_84' title='bbox 1368 840 1634 886; x_wconf 90' lang='lat' dir='ltr'>medicinali</span> <span class='ocrx_word' id='word_1_85' title='bbox 1671 847 1718 887; x_wconf 91' lang='lat' dir='ltr'>et</span> 
     </span>
     <span class='ocr_line' id='line_1_12' title="bbox 121 908 1719 974; baseline -0.003 -15"><span class='ocrx_word' id='word_1_86' title='bbox 121 911 288 974; x_wconf 90' lang='lat' dir='ltr'>pollice</span> <span class='ocrx_word' id='word_1_87' title='bbox 333 925 498 958; x_wconf 90' lang='lat' dir='ltr'>manus</span> <span class='ocrx_word' id='word_1_88' title='bbox 544 911 762 957; x_wconf 80' lang='lat' dir='ltr'>sinistrae</span> <span class='ocrx_word' id='word_1_89' title='bbox 809 915 856 956; x_wconf 90' lang='lat' dir='ltr'>et</span> <span class='ocrx_word' id='word_1_90' title='bbox 893 911 942 956; x_wconf 90' lang='lat' dir='ltr'>in</span> <span class='ocrx_word' id='word_1_91' title='bbox 980 909 1129 956; x_wconf 91' lang='lat' dir='ltr'>oculis</span> <span class='ocrx_word' id='word_1_92' title='bbox 1167 909 1363 970; x_wconf 91' lang='lat' dir='ltr'>singulis</span> <span class='ocrx_word' id='word_1_93' title='bbox 1402 909 1551 957; x_wconf 90' lang='lat' dir='ltr'>dices:</span> <span class='ocrx_word' id='word_1_94' title='bbox 1604 908 1719 956; x_wconf 82' lang='lat' dir='ltr'>Absi</span> 
     </span>
    </p>
   </div>
   <div class='ocr_carea' id='block_1_5' title="bbox 46 978 1717 1043">
    <p class='ocr_par' dir='ltr' id='par_1_5' title="bbox 46 978 1717 1043">
     <span class='ocr_line' id='line_1_13' title="bbox 46 978 1717 1043; baseline -0.002 -15"><span class='ocrx_word' id='word_1_95' title='bbox 46 1033 52 1041; x_wconf 54' lang='grc'><em>,</em></span> <span class='ocrx_word' id='word_1_96' title='bbox 121 981 232 1028; x_wconf 89' lang='lat' dir='ltr'>absa</span> <span class='ocrx_word' id='word_1_97' title='bbox 267 981 481 1043; x_wconf 87' lang='lat' dir='ltr'>phereos,</span> <span class='ocrx_word' id='word_1_98' title='bbox 518 982 769 1041; x_wconf 84' lang='lat' dir='ltr'>mittesque</span> <span class='ocrx_word' id='word_1_99' title='bbox 807 981 856 1026; x_wconf 91' lang='lat' dir='ltr'>in</span> <span class='ocrx_word' id='word_1_100' title='bbox 894 993 1088 1026; x_wconf 91' lang='lat' dir='ltr'>coccum</span> <span class='ocrx_word' id='word_1_101' title='bbox 1119 978 1376 1026; x_wconf 86' lang='lat' dir='ltr'>Galaticum</span> <span class='ocrx_word' id='word_1_102' title='bbox 1415 984 1461 1025; x_wconf 89' lang='lat' dir='ltr'>et</span> <span class='ocrx_word' id='word_1_103' title='bbox 1498 981 1545 1025; x_wconf 93' lang='lat' dir='ltr'>in</span> <span class='ocrx_word' id='word_1_104' title='bbox 1576 979 1717 1041; x_wconf 90' lang='lat' dir='ltr'>phoe-</span> 
     </span>
    </p>
   </div>
   <div class='ocr_carea' id='block_1_6' title="bbox 59 1048 1803 2507">
    <p class='ocr_par' dir='ltr' id='par_1_6' title="bbox 121 1048 1716 1182">
     <span class='ocr_line' id='line_1_14' title="bbox 121 1048 1716 1111; baseline -0.002 -13"><span class='ocrx_word' id='word_1_105' title='bbox 121 1053 244 1099; x_wconf 90' lang='lat' dir='ltr'>nicio</span> <span class='ocrx_word' id='word_1_106' title='bbox 282 1051 377 1097; x_wconf 88' lang='lat' dir='ltr'>lino</span> <span class='ocrx_word' id='word_1_107' title='bbox 414 1049 730 1111; x_wconf 83' lang='lat' dir='ltr'>conchyliatae</span> <span class='ocrx_word' id='word_1_108' title='bbox 760 1064 997 1111; x_wconf 87' lang='lat' dir='ltr'>purpurae</span> <span class='ocrx_word' id='word_1_109' title='bbox 1029 1048 1284 1110; x_wconf 91' lang='lat' dir='ltr'>conligabis</span> <span class='ocrx_word' id='word_1_110' title='bbox 1322 1055 1369 1096; x_wconf 88' lang='lat' dir='ltr'>et</span> <span class='ocrx_word' id='word_1_111' title='bbox 1398 1049 1547 1096; x_wconf 88' lang='lat' dir='ltr'>dices:</span> <span class='ocrx_word' id='word_1_112' title='bbox 1585 1048 1716 1095; x_wconf 93' lang='lat' dir='ltr'>Tollo</span> 
     </span>
     <span class='ocr_line' id='line_1_15' title="bbox 122 1118 1716 1182; baseline -0.001 -14"><span class='ocrx_word' id='word_1_113' title='bbox 122 1129 167 1168; x_wconf 92' lang='lat' dir='ltr'>te</span> <span class='ocrx_word' id='word_1_114' title='bbox 206 1121 315 1167; x_wconf 91' lang='lat' dir='ltr'>hinc</span> <span class='ocrx_word' id='word_1_115' title='bbox 353 1126 511 1182; x_wconf 84' lang='lat' dir='ltr'>totam,</span> <span class='ocrx_word' id='word_1_116' title='bbox 548 1119 893 1181; x_wconf 84' lang='lat' dir='ltr'>haemorhoida,</span> <span class='ocrx_word' id='word_1_117' title='bbox 930 1119 1055 1166; x_wconf 89' lang='lat' dir='ltr'>absis</span> <span class='ocrx_word' id='word_1_118' title='bbox 1085 1119 1276 1182; x_wconf 75' lang='lat' dir='ltr'>paphar,</span> <span class='ocrx_word' id='word_1_119' title='bbox 1307 1124 1354 1165; x_wconf 87' lang='lat' dir='ltr'>et</span> <span class='ocrx_word' id='word_1_120' title='bbox 1383 1118 1563 1165; x_wconf 90' lang='lat' dir='ltr'>nudum</span> <span class='ocrx_word' id='word_1_121' title='bbox 1595 1133 1716 1182; x_wconf 88' lang='lat' dir='ltr'>eum,</span> 
     </span>
    </p>

    <p class='ocr_par' dir='ltr' id='par_1_7' title="bbox 59 1188 1417 1251">
     <span class='ocr_line' id='line_1_16' title="bbox 59 1188 1417 1251; baseline -0.001 -15"><span class='ocrx_word' id='word_1_122' title='bbox 59 1203 100 1236; x_wconf 85' lang='lat'>15</span> <span class='ocrx_word' id='word_1_123' title='bbox 123 1192 200 1238; x_wconf 92' lang='lat' dir='ltr'>cui</span> <span class='ocrx_word' id='word_1_124' title='bbox 237 1190 444 1237; x_wconf 91' lang='lat' dir='ltr'>remedio</span> <span class='ocrx_word' id='word_1_125' title='bbox 482 1203 600 1251; x_wconf 91' lang='lat' dir='ltr'>opus</span> <span class='ocrx_word' id='word_1_126' title='bbox 638 1194 722 1250; x_wconf 90' lang='lat' dir='ltr'>est,</span> <span class='ocrx_word' id='word_1_127' title='bbox 758 1188 1089 1250; x_wconf 89' lang='lat' dir='ltr'>praeligamine</span> <span class='ocrx_word' id='word_1_128' title='bbox 1127 1188 1205 1234; x_wconf 93' lang='lat' dir='ltr'>illo</span> <span class='ocrx_word' id='word_1_129' title='bbox 1244 1190 1417 1250; x_wconf 90' lang='lat' dir='ltr'>cinges.</span> 
     </span>
    </p>

    <p class='ocr_par' dir='ltr' id='par_1_8' title="bbox 123 1258 1803 1530">
     <span class='ocr_line' id='line_1_17' title="bbox 264 1258 1803 1320; baseline -0.001 -14"><span class='ocrx_word' id='word_1_130' title='bbox 264 1261 354 1306; x_wconf 87' lang='lat' dir='ltr'>Ani</span> <span class='ocrx_word' id='word_1_131' title='bbox 385 1261 493 1306; x_wconf 89' lang='lat' dir='ltr'>vitia</span> <span class='ocrx_word' id='word_1_132' title='bbox 523 1265 569 1306; x_wconf 90' lang='lat' dir='ltr'>et</span> <span class='ocrx_word' id='word_1_133' title='bbox 599 1258 919 1320; x_wconf 83' lang='lat' dir='ltr'>condylomata</span> <span class='ocrx_word' id='word_1_134' title='bbox 949 1258 1054 1305; x_wconf 85' lang='lat' dir='ltr'>felle</span> <span class='ocrx_word' id='word_1_135' title='bbox 1083 1273 1289 1320; x_wconf 91' lang='lat' dir='ltr'>capruno</span> <span class='ocrx_word' id='word_1_136' title='bbox 1313 1263 1539 1319; x_wconf 85' lang='lat' dir='ltr'>peruncta</span> <span class='ocrx_word' id='word_1_137' title='bbox 1565 1259 1719 1304; x_wconf 88' lang='lat' dir='ltr'>sanari</span> <span class='ocrx_word' id='word_1_138' title='bbox 1748 1266 1803 1303; x_wconf 83' lang='lat'>34</span> 
     </span>
     <span class='ocr_line' id='line_1_18' title="bbox 124 1328 1800 1389; baseline -0.002 -12"><span class='ocrx_word' id='word_1_139' title='bbox 124 1331 386 1377; x_wconf 87' lang='lat' dir='ltr'>certissime</span> <span class='ocrx_word' id='word_1_140' title='bbox 439 1334 634 1376; x_wconf 89' lang='lat' dir='ltr'>constat.</span> <span class='ocrx_word' id='word_1_141' title='bbox 707 1328 995 1375; x_wconf 89' lang='lat' dir='ltr'>Malicorium</span> <span class='ocrx_word' id='word_1_142' title='bbox 1040 1343 1147 1374; x_wconf 87' lang='lat' dir='ltr'>cum</span> <span class='ocrx_word' id='word_1_143' title='bbox 1191 1330 1299 1374; x_wconf 90' lang='lat' dir='ltr'>vino</span> <span class='ocrx_word' id='word_1_144' title='bbox 1346 1329 1521 1389; x_wconf 87' lang='lat' dir='ltr'>optimo</span> <span class='ocrx_word' id='word_1_145' title='bbox 1566 1342 1717 1389; x_wconf 89' lang='lat' dir='ltr'>usque</span> <span class='ocrx_word' id='word_1_146' title='bbox 1747 1336 1800 1374; x_wconf 87' lang='lat'>35</span> 
     </span>
     <span class='ocr_line' id='line_1_19' title="bbox 123 1397 1718 1461; baseline -0.003 -14"><span class='ocrx_word' id='word_1_147' title='bbox 123 1400 179 1447; x_wconf 92' lang='lat' dir='ltr'>ad</span> <span class='ocrx_word' id='word_1_148' title='bbox 218 1400 335 1447; x_wconf 93' lang='lat' dir='ltr'>duos</span> <span class='ocrx_word' id='word_1_149' title='bbox 372 1399 562 1461; x_wconf 83' lang='lat' dir='ltr'>cyathos</span> <span class='ocrx_word' id='word_1_150' title='bbox 600 1398 844 1445; x_wconf 88' lang='lat' dir='ltr'>decoctum</span> <span class='ocrx_word' id='word_1_151' title='bbox 882 1399 1152 1459; x_wconf 87' lang='lat' dir='ltr'>pariterque</span> <span class='ocrx_word' id='word_1_152' title='bbox 1187 1399 1442 1444; x_wconf 87' lang='lat' dir='ltr'>contritum</span> <span class='ocrx_word' id='word_1_153' title='bbox 1474 1403 1520 1444; x_wconf 91' lang='lat' dir='ltr'>et</span> <span class='ocrx_word' id='word_1_154' title='bbox 1550 1397 1718 1459; x_wconf 89' lang='lat' dir='ltr'>malag-</span> 
     </span>
     <span class='ocr_line' id='line_1_20' title="bbox 123 1467 1717 1530; baseline -0.001 -14"><span class='ocrx_word' id='word_1_155' title='bbox 123 1472 261 1517; x_wconf 89' lang='lat' dir='ltr'>matis</span> <span class='ocrx_word' id='word_1_156' title='bbox 297 1469 434 1516; x_wconf 91' lang='lat' dir='ltr'>modo</span> <span class='ocrx_word' id='word_1_157' title='bbox 471 1470 726 1530; x_wconf 88' lang='lat' dir='ltr'>inpositum</span> <span class='ocrx_word' id='word_1_158' title='bbox 763 1473 982 1529; x_wconf 89' lang='lat' dir='ltr'>potenter</span> <span class='ocrx_word' id='word_1_159' title='bbox 1020 1469 1096 1514; x_wconf 91' lang='lat' dir='ltr'>ani</span> <span class='ocrx_word' id='word_1_160' title='bbox 1133 1467 1452 1529; x_wconf 90' lang='lat' dir='ltr'>condylomata</span> <span class='ocrx_word' id='word_1_161' title='bbox 1483 1473 1717 1529; x_wconf 89' lang='lat' dir='ltr'>persanat.</span> 
     </span>
    </p>

    <p class='ocr_par' dir='ltr' id='par_1_9' title="bbox 59 1537 1802 1878">
     <span class='ocr_line' id='line_1_21' title="bbox 59 1537 1802 1602; baseline 0 -19"><span class='ocrx_word' id='word_1_162' title='bbox 59 1553 101 1583; x_wconf 81' lang='lat'>20</span> <span class='ocrx_word' id='word_1_163' title='bbox 123 1539 351 1602; x_wconf 88' lang='lat' dir='ltr'>Butyrum</span> <span class='ocrx_word' id='word_1_164' title='bbox 396 1545 442 1586; x_wconf 91' lang='lat' dir='ltr'>et</span> <span class='ocrx_word' id='word_1_165' title='bbox 486 1539 628 1600; x_wconf 89' lang='lat' dir='ltr'>adeps</span> <span class='ocrx_word' id='word_1_166' title='bbox 673 1539 888 1584; x_wconf 91' lang='lat' dir='ltr'>anserina</span> <span class='ocrx_word' id='word_1_167' title='bbox 933 1543 980 1583; x_wconf 91' lang='lat' dir='ltr'>et</span> <span class='ocrx_word' id='word_1_168' title='bbox 1017 1537 1171 1584; x_wconf 90' lang='lat' dir='ltr'>oleum</span> <span class='ocrx_word' id='word_1_169' title='bbox 1207 1551 1451 1584; x_wconf 89' lang='lat' dir='ltr'>rosaceum</span> <span class='ocrx_word' id='word_1_170' title='bbox 1487 1538 1718 1599; x_wconf 88' lang='lat' dir='ltr'>permixta</span> <span class='ocrx_word' id='word_1_171' title='bbox 1748 1546 1802 1584; x_wconf 86' lang='grc'>36</span> 
     </span>
     <span class='ocr_line' id='line_1_22' title="bbox 122 1607 1801 1670; baseline -0.002 -14"><span class='ocrx_word' id='word_1_172' title='bbox 122 1609 436 1670; x_wconf 90' lang='lat' dir='ltr'>pulcherrime</span> <span class='ocrx_word' id='word_1_173' title='bbox 486 1613 685 1669; x_wconf 87' lang='lat' dir='ltr'>prosunt</span> <span class='ocrx_word' id='word_1_174' title='bbox 737 1609 814 1653; x_wconf 91' lang='lat' dir='ltr'>ani</span> <span class='ocrx_word' id='word_1_175' title='bbox 863 1608 1002 1654; x_wconf 86' lang='lat' dir='ltr'>vitiis.</span> <span class='ocrx_word' id='word_1_176' title='bbox 1077 1607 1277 1668; x_wconf 86' lang='lat' dir='ltr'>Sanguis</span> <span class='ocrx_word' id='word_1_177' title='bbox 1327 1621 1563 1668; x_wconf 90' lang='lat' dir='ltr'>caprunus</span> <span class='ocrx_word' id='word_1_178' title='bbox 1610 1621 1718 1654; x_wconf 91' lang='lat' dir='ltr'>cum</span> <span class='ocrx_word' id='word_1_179' title='bbox 1747 1616 1801 1654; x_wconf 79' lang='grc'>37</span> 
     </span>
     <span class='ocr_line' id='line_1_23' title="bbox 121 1676 1800 1740; baseline -0.001 -15"><span class='ocrx_word' id='word_1_180' title='bbox 121 1678 308 1740; x_wconf 88' lang='lat' dir='ltr'>polenta</span> <span class='ocrx_word' id='word_1_181' title='bbox 358 1679 591 1740; x_wconf 85' lang='lat' dir='ltr'>inpositus</span> <span class='ocrx_word' id='word_1_182' title='bbox 643 1679 719 1724; x_wconf 90' lang='lat' dir='ltr'>ani</span> <span class='ocrx_word' id='word_1_183' title='bbox 769 1678 933 1723; x_wconf 87' lang='lat' dir='ltr'>vitium</span> <span class='ocrx_word' id='word_1_184' title='bbox 986 1691 1123 1724; x_wconf 90' lang='lat' dir='ltr'>omne</span> <span class='ocrx_word' id='word_1_185' title='bbox 1167 1683 1400 1738; x_wconf 88' lang='lat' dir='ltr'>persanat.</span> <span class='ocrx_word' id='word_1_186' title='bbox 1474 1676 1716 1738; x_wconf 89' lang='lat' dir='ltr'>Rhagadas</span> <span class='ocrx_word' id='word_1_187' title='bbox 1747 1685 1800 1724; x_wconf 91' lang='lat'>38</span> 
     </span>
     <span class='ocr_line' id='line_1_24' title="bbox 122 1747 1716 1809; baseline -0.001 -14"><span class='ocrx_word' id='word_1_188' title='bbox 122 1750 276 1795; x_wconf 90' lang='lat' dir='ltr'>canini</span> <span class='ocrx_word' id='word_1_189' title='bbox 328 1750 492 1809; x_wconf 89' lang='lat' dir='ltr'>capitis</span> <span class='ocrx_word' id='word_1_190' title='bbox 543 1749 639 1794; x_wconf 92' lang='lat' dir='ltr'>usti</span> <span class='ocrx_word' id='word_1_191' title='bbox 686 1748 804 1794; x_wconf 89' lang='lat' dir='ltr'>cinis</span> <span class='ocrx_word' id='word_1_192' title='bbox 849 1747 1100 1808; x_wconf 90' lang='lat' dir='ltr'>adspersus</span> <span class='ocrx_word' id='word_1_193' title='bbox 1144 1747 1355 1808; x_wconf 90' lang='lat' dir='ltr'>adiungit</span> <span class='ocrx_word' id='word_1_194' title='bbox 1400 1753 1447 1792; x_wconf 90' lang='lat' dir='ltr'>et</span> <span class='ocrx_word' id='word_1_195' title='bbox 1491 1748 1716 1793; x_wconf 88' lang='lat' dir='ltr'>stercoris</span> 
     </span>
     <span class='ocr_line' id='line_1_25' title="bbox 123 1815 1800 1878; baseline -0.002 -13"><span class='ocrx_word' id='word_1_196' title='bbox 123 1819 278 1865; x_wconf 90' lang='lat' dir='ltr'>canini</span> <span class='ocrx_word' id='word_1_197' title='bbox 307 1817 398 1863; x_wconf 90' lang='lat' dir='ltr'>albi</span> <span class='ocrx_word' id='word_1_198' title='bbox 427 1817 655 1878; x_wconf 90' lang='lat' dir='ltr'>betaeque</span> <span class='ocrx_word' id='word_1_199' title='bbox 686 1818 804 1863; x_wconf 91' lang='lat' dir='ltr'>cinis</span> <span class='ocrx_word' id='word_1_200' title='bbox 833 1818 1040 1863; x_wconf 90' lang='lat' dir='ltr'>insertus</span> <span class='ocrx_word' id='word_1_201' title='bbox 1072 1816 1286 1863; x_wconf 89' lang='lat' dir='ltr'>similiter</span> <span class='ocrx_word' id='word_1_202' title='bbox 1309 1816 1578 1878; x_wconf 92' lang='lat' dir='ltr'>opitulatur.</span> <span class='ocrx_word' id='word_1_203' title='bbox 1626 1815 1716 1863; x_wconf 92' lang='lat' dir='ltr'>Iris</span> <span class='ocrx_word' id='word_1_204' title='bbox 1746 1825 1800 1863; x_wconf 86' lang='lat'>39</span> 
     </span>
    </p>

    <p class='ocr_par' dir='ltr' id='par_1_10' title="bbox 59 1886 1800 2227">
     <span class='ocr_line' id='line_1_26' title="bbox 59 1886 1718 1949; baseline 0.001 -19"><span class='ocrx_word' id='word_1_205' title='bbox 59 1899 101 1931; x_wconf 81' lang='lat'>25</span> <span class='ocrx_word' id='word_1_206' title='bbox 122 1887 332 1949; x_wconf 90' lang='lat' dir='ltr'>Illyricae</span> <span class='ocrx_word' id='word_1_207' title='bbox 377 1888 496 1933; x_wconf 90' lang='lat' dir='ltr'>cinis</span> <span class='ocrx_word' id='word_1_208' title='bbox 541 1901 647 1933; x_wconf 91' lang='lat' dir='ltr'>cum</span> <span class='ocrx_word' id='word_1_209' title='bbox 693 1886 827 1932; x_wconf 92' lang='lat' dir='ltr'>melle</span> <span class='ocrx_word' id='word_1_210' title='bbox 872 1886 1095 1933; x_wconf 89' lang='lat' dir='ltr'>subactus</span> <span class='ocrx_word' id='word_1_211' title='bbox 1139 1886 1317 1933; x_wconf 88' lang='lat' dir='ltr'>utiliter</span> <span class='ocrx_word' id='word_1_212' title='bbox 1360 1887 1604 1947; x_wconf 88' lang='lat' dir='ltr'>inponitur</span> <span class='ocrx_word' id='word_1_213' title='bbox 1641 1888 1718 1933; x_wconf 90' lang='lat' dir='ltr'>ani</span> 
     </span>
     <span class='ocr_line' id='line_1_27' title="bbox 123 1955 1800 2019; baseline 0 -16"><span class='ocrx_word' id='word_1_214' title='bbox 123 1958 270 2019; x_wconf 88' lang='lat' dir='ltr'>vitiis,</span> <span class='ocrx_word' id='word_1_215' title='bbox 318 1958 357 2003; x_wconf 92' lang='lat' dir='ltr'>si</span> <span class='ocrx_word' id='word_1_216' title='bbox 394 1958 493 2018; x_wconf 91' lang='lat' dir='ltr'>ipsa</span> <span class='ocrx_word' id='word_1_217' title='bbox 534 1958 617 2002; x_wconf 90' lang='lat' dir='ltr'>iris</span> <span class='ocrx_word' id='word_1_218' title='bbox 655 1957 704 2002; x_wconf 91' lang='lat' dir='ltr'>in</span> <span class='ocrx_word' id='word_1_219' title='bbox 741 1956 878 2002; x_wconf 84' lang='lat' dir='ltr'>furno</span> <span class='ocrx_word' id='word_1_220' title='bbox 917 1956 1165 2017; x_wconf 86' lang='lat' dir='ltr'>diligenter</span> <span class='ocrx_word' id='word_1_221' title='bbox 1200 1962 1380 2003; x_wconf 91' lang='lat' dir='ltr'>uratur.</span> <span class='ocrx_word' id='word_1_222' title='bbox 1447 1955 1602 2017; x_wconf 87' lang='lat' dir='ltr'>Adeps</span> <span class='ocrx_word' id='word_1_223' title='bbox 1639 1971 1716 2002; x_wconf 90' lang='lat' dir='ltr'>an·</span> <span class='ocrx_word' id='word_1_224' title='bbox 1747 1965 1800 2003; x_wconf 87' lang='lat'>40</span> 
     </span>
     <span class='ocr_line' id='line_1_28' title="bbox 123 2025 1717 2087; baseline -0.001 -14"><span class='ocrx_word' id='word_1_225' title='bbox 123 2029 310 2073; x_wconf 91' lang='lat' dir='ltr'>serinus</span> <span class='ocrx_word' id='word_1_226' title='bbox 354 2040 461 2073; x_wconf 93' lang='lat' dir='ltr'>cum</span> <span class='ocrx_word' id='word_1_227' title='bbox 506 2025 716 2072; x_wconf 91' lang='lat' dir='ltr'>eiusdem</span> <span class='ocrx_word' id='word_1_228' title='bbox 760 2025 955 2072; x_wconf 92' lang='lat' dir='ltr'>cerebro</span> <span class='ocrx_word' id='word_1_229' title='bbox 994 2032 1040 2072; x_wconf 92' lang='lat' dir='ltr'>et</span> <span class='ocrx_word' id='word_1_230' title='bbox 1077 2040 1249 2087; x_wconf 90' lang='lat' dir='ltr'>oesypo</span> <span class='ocrx_word' id='word_1_231' title='bbox 1287 2031 1334 2072; x_wconf 91' lang='lat' dir='ltr'>et</span> <span class='ocrx_word' id='word_1_232' title='bbox 1370 2025 1571 2072; x_wconf 89' lang='lat' dir='ltr'>alumine</span> <span class='ocrx_word' id='word_1_233' title='bbox 1610 2025 1717 2073; x_wconf 91' lang='lat' dir='ltr'>sub-</span> 
     </span>
     <span class='ocr_line' id='line_1_29' title="bbox 122 2095 1800 2157; baseline -0.001 -14"><span class='ocrx_word' id='word_1_234' title='bbox 122 2097 267 2157; x_wconf 87' lang='lat' dir='ltr'>igitur</span> <span class='ocrx_word' id='word_1_235' title='bbox 298 2101 344 2143; x_wconf 93' lang='lat' dir='ltr'>et</span> <span class='ocrx_word' id='word_1_236' title='bbox 373 2097 616 2157; x_wconf 90' lang='lat' dir='ltr'>inponitur</span> <span class='ocrx_word' id='word_1_237' title='bbox 646 2096 722 2142; x_wconf 93' lang='lat' dir='ltr'>ani</span> <span class='ocrx_word' id='word_1_238' title='bbox 754 2095 971 2142; x_wconf 86' lang='lat' dir='ltr'>omnibus</span> <span class='ocrx_word' id='word_1_239' title='bbox 995 2097 1162 2142; x_wconf 88' lang='lat' dir='ltr'>causis.</span> <span class='ocrx_word' id='word_1_240' title='bbox 1208 2095 1381 2142; x_wconf 91' lang='lat' dir='ltr'>Carnes</span> <span class='ocrx_word' id='word_1_241' title='bbox 1405 2110 1462 2142; x_wconf 85' lang='lat' dir='ltr'>ex</span> <span class='ocrx_word' id='word_1_242' title='bbox 1485 2095 1716 2156; x_wconf 90' lang='lat' dir='ltr'>capitibus</span> <span class='ocrx_word' id='word_1_243' title='bbox 1747 2104 1800 2141; x_wconf 85' lang='lat'>41</span> 
     </span>
     <span class='ocr_line' id='line_1_30' title="bbox 123 2165 1716 2227; baseline -0.001 -15"><span class='ocrx_word' id='word_1_244' title='bbox 123 2165 350 2227; x_wconf 87' lang='lat' dir='ltr'>mugilum</span> <span class='ocrx_word' id='word_1_245' title='bbox 395 2167 491 2212; x_wconf 91' lang='lat' dir='ltr'>sive</span> <span class='ocrx_word' id='word_1_246' title='bbox 535 2165 787 2212; x_wconf 86' lang='lat' dir='ltr'>mullorum</span> <span class='ocrx_word' id='word_1_247' title='bbox 832 2165 1049 2212; x_wconf 89' lang='lat' dir='ltr'>decoctae</span> <span class='ocrx_word' id='word_1_248' title='bbox 1096 2172 1143 2212; x_wconf 87' lang='lat' dir='ltr'>et</span> <span class='ocrx_word' id='word_1_249' title='bbox 1179 2179 1286 2212; x_wconf 92' lang='lat' dir='ltr'>cum</span> <span class='ocrx_word' id='word_1_250' title='bbox 1324 2165 1458 2212; x_wconf 92' lang='lat' dir='ltr'>melle</span> <span class='ocrx_word' id='word_1_251' title='bbox 1498 2165 1716 2212; x_wconf 89' lang='lat' dir='ltr'>subactae</span> 
     </span>
    </p>

    <p class='ocr_par' dir='ltr' id='par_1_11' title="bbox 59 2234 1801 2507">
     <span class='ocr_line' id='line_1_31' title="bbox 59 2234 1801 2298; baseline 0.001 -18"><span class='ocrx_word' id='word_1_252' title='bbox 59 2247 100 2280; x_wconf 75' lang='lat' dir='ltr'>ao</span> <span class='ocrx_word' id='word_1_253' title='bbox 123 2241 263 2298; x_wconf 91' lang='lat' dir='ltr'>atque</span> <span class='ocrx_word' id='word_1_254' title='bbox 293 2237 522 2297; x_wconf 87' lang='lat' dir='ltr'>inpositae</span> <span class='ocrx_word' id='word_1_255' title='bbox 545 2236 718 2282; x_wconf 88' lang='lat' dir='ltr'>vitiatis</span> <span class='ocrx_word' id='word_1_256' title='bbox 741 2236 842 2281; x_wconf 91' lang='lat' dir='ltr'>anis</span> <span class='ocrx_word' id='word_1_257' title='bbox 863 2235 1118 2296; x_wconf 90' lang='lat' dir='ltr'>plurimum</span> <span class='ocrx_word' id='word_1_258' title='bbox 1141 2242 1355 2297; x_wconf 91' lang='lat' dir='ltr'>prosunt.</span> <span class='ocrx_word' id='word_1_259' title='bbox 1398 2234 1563 2282; x_wconf 89' lang='lat' dir='ltr'>Oleum</span> <span class='ocrx_word' id='word_1_260' title='bbox 1584 2241 1716 2282; x_wconf 86' lang='lat' dir='ltr'>vetus</span> <span class='ocrx_word' id='word_1_261' title='bbox 1747 2243 1801 2281; x_wconf 82' lang='lat'>42</span> 
     </span>
     <span class='ocr_line' id='line_1_32' title="bbox 124 2304 1715 2367; baseline -0.002 -14"><span class='ocrx_word' id='word_1_262' title='bbox 124 2311 170 2353; x_wconf 90' lang='lat' dir='ltr'>et</span> <span class='ocrx_word' id='word_1_263' title='bbox 206 2307 359 2367; x_wconf 90' lang='lat' dir='ltr'>picem</span> <span class='ocrx_word' id='word_1_264' title='bbox 397 2311 443 2352; x_wconf 88' lang='lat' dir='ltr'>et</span> <span class='ocrx_word' id='word_1_265' title='bbox 478 2305 699 2366; x_wconf 90' lang='lat' dir='ltr'>pollinem</span> <span class='ocrx_word' id='word_1_266' title='bbox 737 2306 967 2352; x_wconf 85' lang='lat' dir='ltr'>triticeam</span> <span class='ocrx_word' id='word_1_267' title='bbox 1006 2305 1215 2366; x_wconf 92' lang='lat' dir='ltr'>decoque</span> <span class='ocrx_word' id='word_1_268' title='bbox 1255 2311 1301 2351; x_wconf 90' lang='lat' dir='ltr'>et</span> <span class='ocrx_word' id='word_1_269' title='bbox 1331 2319 1417 2351; x_wconf 92' lang='lat' dir='ltr'>ano</span> <span class='ocrx_word' id='word_1_270' title='bbox 1449 2304 1715 2351; x_wconf 85' lang='lat' dir='ltr'>exulcerato</span> 
     </span>
     <span class='ocr_line' id='line_1_33' title="bbox 125 2374 1800 2436; baseline 0.001 -16"><span class='ocrx_word' id='word_1_271' title='bbox 125 2375 278 2422; x_wconf 90' lang='lat' dir='ltr'>calens</span> <span class='ocrx_word' id='word_1_272' title='bbox 307 2375 595 2422; x_wconf 87' lang='lat' dir='ltr'>medicamen</span> <span class='ocrx_word' id='word_1_273' title='bbox 626 2377 810 2436; x_wconf 91' lang='lat' dir='ltr'>inpone.</span> <span class='ocrx_word' id='word_1_274' title='bbox 862 2374 1010 2421; x_wconf 85' lang='lat' dir='ltr'>Radix</span> <span class='ocrx_word' id='word_1_275' title='bbox 1039 2374 1147 2421; x_wconf 93' lang='lat' dir='ltr'>rubi</span> <span class='ocrx_word' id='word_1_276' title='bbox 1170 2377 1217 2422; x_wconf 91' lang='lat' dir='ltr'>in</span> <span class='ocrx_word' id='word_1_277' title='bbox 1241 2376 1346 2421; x_wconf 92' lang='lat' dir='ltr'>vino</span> <span class='ocrx_word' id='word_1_278' title='bbox 1371 2389 1521 2436; x_wconf 92' lang='lat' dir='ltr'>usque</span> <span class='ocrx_word' id='word_1_279' title='bbox 1544 2375 1600 2421; x_wconf 91' lang='lat' dir='ltr'>ad</span> <span class='ocrx_word' id='word_1_280' title='bbox 1624 2380 1715 2421; x_wconf 90' lang='lat' dir='ltr'>ter·</span> <span class='ocrx_word' id='word_1_281' title='bbox 1747 2384 1800 2422; x_wconf 87' lang='lat'>43</span> 
     </span>
     <span class='ocr_line' id='line_1_34' title="bbox 126 2444 1716 2507; baseline 0.001 -17"><span class='ocrx_word' id='word_1_282' title='bbox 126 2445 212 2490; x_wconf 89' lang='lat' dir='ltr'>tias</span> <span class='ocrx_word' id='word_1_283' title='bbox 249 2447 466 2507; x_wconf 90' lang='lat' dir='ltr'>coquitur</span> <span class='ocrx_word' id='word_1_284' title='bbox 504 2460 652 2507; x_wconf 91' lang='lat' dir='ltr'>eoque</span> <span class='ocrx_word' id='word_1_285' title='bbox 691 2446 796 2491; x_wconf 92' lang='lat' dir='ltr'>vino</span> <span class='ocrx_word' id='word_1_286' title='bbox 835 2446 912 2491; x_wconf 91' lang='lat' dir='ltr'>ani</span> <span class='ocrx_word' id='word_1_287' title='bbox 940 2446 1050 2491; x_wconf 90' lang='lat' dir='ltr'>vitia</span> <span class='ocrx_word' id='word_1_288' title='bbox 1080 2450 1128 2491; x_wconf 91' lang='lat' dir='ltr'>et</span> <span class='ocrx_word' id='word_1_289' title='bbox 1157 2444 1455 2491; x_wconf 85' lang='lat' dir='ltr'>difficultates</span> <span class='ocrx_word' id='word_1_290' title='bbox 1487 2445 1716 2491; x_wconf 86' lang='lat' dir='ltr'>foventur.</span> 
     </span>
    </p>
   </div>
   <div class='ocr_carea' id='block_1_7' title="bbox 41 2564 1716 2732">
    <p class='ocr_par' dir='ltr' id='par_1_12' title="bbox 41 2564 1716 2732">
     <span class='ocr_line' id='line_1_35' title="bbox 266 2564 1716 2619; baseline 0.001 -14"><span class='ocrx_word' id='word_1_291' title='bbox 266 2568 290 2605; x_wconf 86' lang='lat'>5</span> <span class='ocrx_word' id='word_1_292' title='bbox 321 2566 482 2607; x_wconf 83' lang='lat' dir='ltr'>austus.</span> <span class='ocrx_word' id='word_1_293' title='bbox 641 2569 665 2606; x_wconf 88' lang='lat'>6</span> <span class='ocrx_word' id='word_1_294' title='bbox 696 2564 1042 2608; x_wconf 81' lang='lat' dir='ltr'>aemorhoidum.</span> <span class='ocrx_word' id='word_1_295' title='bbox 1207 2571 1231 2607; x_wconf 90' lang='grc'><strong>6</strong></span> <span class='ocrx_word' id='word_1_296' title='bbox 1262 2565 1518 2619; x_wconf 86' lang='lat' dir='ltr'>quagulum,</span> <span class='ocrx_word' id='word_1_297' title='bbox 1548 2565 1648 2607; x_wconf 81' lang='lat' dir='ltr'>item</span> <span class='ocrx_word' id='word_1_298' title='bbox 1678 2569 1716 2606; x_wconf 90' lang='grc'>8.</span> 
     </span>
     <span class='ocr_line' id='line_1_36' title="bbox 129 2617 1716 2675; baseline 0.002 -16"><span class='ocrx_word' id='word_1_299' title='bbox 129 2623 179 2661; x_wconf 83' lang='grc'>12</span> <span class='ocrx_word' id='word_1_300' title='bbox 211 2617 257 2661; x_wconf 90' lang='lat' dir='ltr'>in</span> <span class='ocrx_word' id='word_1_301' title='bbox 286 2621 485 2675; x_wconf 89' lang='lat' dir='ltr'>coccum]</span> <span class='ocrx_word' id='word_1_302' title='bbox 514 2621 751 2664; x_wconf 83' lang='lat' dir='ltr'>incoctum.</span> <span class='ocrx_word' id='word_1_303' title='bbox 874 2621 1081 2675; x_wconf 89' lang='lat' dir='ltr'>phinicio.</span> <span class='ocrx_word' id='word_1_304' title='bbox 1211 2626 1261 2662; x_wconf 84' lang='lat'>13</span> <span class='ocrx_word' id='word_1_305' title='bbox 1293 2620 1586 2663; x_wconf 80' lang='lat' dir='ltr'>conchiliatae</span> <span class='ocrx_word' id='word_1_306' title='bbox 1615 2635 1716 2674; x_wconf 87' lang='lat' dir='ltr'>pur-</span> 
     </span>
     <span class='ocr_line' id='line_1_37' title="bbox 41 2676 1715 2732; baseline 0.001 -15"><span class='ocrx_word' id='word_1_307' title='bbox 41 2695 46 2699; x_wconf 96' lang='lat'><em>·</em></span> <span class='ocrx_word' id='word_1_308' title='bbox 126 2689 274 2728; x_wconf 83' lang='lat' dir='ltr'>porae.</span> <span class='ocrx_word' id='word_1_309' title='bbox 391 2681 443 2717; x_wconf 85' lang='lat'>14</span> <span class='ocrx_word' id='word_1_310' title='bbox 471 2678 613 2719; x_wconf 85' lang='lat' dir='ltr'>totam</span> <span class='ocrx_word' id='word_1_311' title='bbox 642 2678 818 2732; x_wconf 74' lang='lat' dir='ltr'>scripsi.-</span> <span class='ocrx_word' id='word_1_312' title='bbox 851 2679 960 2720; x_wconf 88' lang='lat' dir='ltr'>tota.</span> <span class='ocrx_word' id='word_1_313' title='bbox 1079 2682 1131 2720; x_wconf 88' lang='grc'>16</span> <span class='ocrx_word' id='word_1_314' title='bbox 1162 2676 1488 2731; x_wconf 79' lang='lat' dir='ltr'>condylemata,</span> <span class='ocrx_word' id='word_1_315' title='bbox 1519 2677 1619 2720; x_wconf 79' lang='lat' dir='ltr'>item</span> <span class='ocrx_word' id='word_1_316' title='bbox 1650 2681 1715 2719; x_wconf 88' lang='lat'>19.</span> 
     </span>
    </p>
   </div>
   <div class='ocr_carea' id='block_1_8' title="bbox 126 2732 604 2787">
    <p class='ocr_par' dir='ltr' id='par_1_13' title="bbox 126 2732 604 2787">
     <span class='ocr_line' id='line_1_38' title="bbox 126 2732 604 2787; baseline 0.006 -14"><span class='ocrx_word' id='word_1_317' title='bbox 126 2736 179 2774; x_wconf 82' lang='lat'>27</span> <span class='ocrx_word' id='word_1_318' title='bbox 210 2732 392 2786; x_wconf 83' lang='lat' dir='ltr'>oesypo]</span> <span class='ocrx_word' id='word_1_319' title='bbox 423 2733 604 2787; x_wconf 82' lang='lat' dir='ltr'>hysopo.</span> 
     </span>
    </p>
   </div>
  </div>
 </body>
</html>
