1898 3016
67 315 119 353 29

67 385 119 422 30

66 594 116 632 31

66 803 119 841 32

66 942 118 980 33

65 1082 120 1120 34

65 1290 118 1330 35

66 1574 119 1612 36

65 1923 116 1961 37

66 2202 119 2240 38

762 97 1194 157 —134-'

153 240 200 281 et
236 234 443 280 furfures
479 247 585 280 cum
618 248 735 295 aqua
766 233 915 281 mulsa
947 234 1179 296 decoques
1214 241 1260 281 et
1289 249 1374 296 pro
1405 233 1747 296 gargalismatio

151 305 301 351 uteris
346 303 401 350 ad
448 317 583 350 uvam
629 304 947 365 reparandam.
1015 303 1179 351 Aleum
1221 318 1328 351 cum
1366 303 1460 351 sale
1498 305 1660 351 tritum
1698 306 1747 350 in

152 374 352 421 cocleari
381 373 645 435 adpositum
675 388 791 420 uvae
822 373 1124 421 vehementer
1155 388 1256 420 eam
1287 373 1474 421 relevat.
1519 374 1619 421 Alei
1648 388 1747 421 um-

151 443 358 507 bilicum,
389 458 479 504 quo
511 457 652 504 grana
685 445 987 490 continentur
1014 450 1154 505 atque
1178 443 1260 490 ubi
1282 443 1464 491 radices
1487 444 1746 506 inhaerent,

152 528 259 560 cum
296 515 411 574 ipsis
450 513 688 560 radicibus
726 514 775 559 in
812 513 1059 574 phoenicio
1105 513 1285 574 conliga
1331 520 1378 560 et
1421 513 1650 560 laboranti
1688 514 1744 560 de
1768 526 1788 558 5

151 598 240 630 uva
277 583 386 630 luna
424 584 619 644 septima
658 582 933 645 phylacterii
970 598 1099 630 more
1137 584 1411 645 suspendes.
1485 583 1632 630 Ovum
1671 598 1746 631 ex-

150 654 379 700 inanitum
419 652 702 714 completum
741 654 840 700 viva
878 659 1003 700 terra
1041 654 1141 701 loco
1177 653 1333 700 clauso
1365 655 1405 700 si
1435 653 1748 701 abscondatur

150 722 207 769 ab
246 737 315 785 eo,
353 722 527 783 quide
560 722 772 769 faucibus
804 730 850 770 et
881 725 1065 770 arteriis
1095 723 1336 787 laborabit,
1375 723 1582 770 remedio
1613 738 1747 785 prae-

152 794 274 839 senti
310 792 401 839 sibi
438 792 667 839 subvenit.
741 792 843 839 Olei
880 795 1049 840 veteris
1096 794 1219 855 quod
1262 795 1373 840 satis
1412 795 1502 840 erit
1537 794 1747 841 infusum

150 862 342 908 naribus
388 869 619 909 tumorem
661 864 940 909 arteriorum
979 878 1195 925 represso
1233 863 1444 924 periculo
1482 865 1745 910 suffocatio·
1769 877 1810 907 ιο

151 934 224 978 nis
263 934 448 979 evincit.
521 931 705 979 Fimum
745 932 1084 995 columbinum,
1129 934 1245 980 ficus
1291 933 1443 980 aridas
1485 939 1531 979 et
1570 935 1745 980 nitrum

149 1002 321 1049 tundes
359 1016 504 1063 eaque
543 1004 685 1049 mixta
723 1004 1016 1049 extrinsecus
1053 1003 1280 1066 adpones3
1325 1003 1412 1049 hoc
1458 1002 1746 1050 medicamen

149 1074 447 1132 asperitatem
481 1072 684 1118 faucium
717 1072 864 1118 mollit
894 1072 1347 1134 destillationemque
1378 1075 1585 1133 castigat.
1635 1073 1746 1120 Coc-

148 1142 246 1188 leae
285 1149 410 1188 terra
447 1147 630 1188 tantum
661 1156 857 1188 excussa
887 1141 1058 1189 inlotae
1090 1149 1371 1204 coquuntur,
1409 1142 1578 1188 dehinc
1609 1144 1746 1189 tritae

149 1226 257 1258 cum
288 1226 424 1272 passo
455 1211 639 1257 Cretico
671 1211 917 1258 adversum
950 1212 1151 1258 saucium
1182 1212 1419 1258 molestias
1449 1212 1744 1260 hauriuntur.
1770 1224 1811 1255 15

148 1280 209 1328 Ut
238 1281 442 1327 faucium
474 1281 695 1327 duritiam
726 1281 885 1344 lenias,
924 1281 1214 1328 medicamen
1244 1282 1385 1328 facies
1415 1282 1526 1329 tale:
1563 1281 1746 1344 Myrrae

154 1378 214 1384 —
248 1350 334 1414 ΙΙΙ,
372 1352 500 1397 croci
541 1377 598 1383 -—
635 1351 675 1413 Ι,
713 1351 1003 1412 tragacanthi
1045 1378 1102 1385 —
1137 1351 1219 1414 III,
1259 1353 1535 1398 ammoniaci
1576 1378 1634 1385 —
1669 1352 1746 1416 111,

150 1420 300 1467 mellis
346 1420 470 1482 quod
516 1422 628 1467 satis
675 1422 747 1467 sit.
823 1420 987 1468 Omnia
1031 1421 1147 1468 haec
1194 1424 1302 1468 trita
1341 1428 1478 1482 atque
1515 1423 1745 1483 permixta

148 1490 376 1537 recondes
409 1496 456 1537 et
485 1498 646 1551 parato
679 1497 902 1552 certoque
935 1491 1142 1538 subsidio
1177 1491 1233 1538 ad
1265 1493 1460 1538 arterias
1492 1494 1746 1539 crassiores

152 1567 198 1607 et
250 1561 305 1607 ad
359 1560 679 1607 difficultatem
734 1562 859 1607 vocis
912 1562 1074 1608 uteris.
1156 1561 1223 1607 Ad
1277 1567 1487 1608 tumores
1538 1577 1650 1608 uvae
1700 1568 1745 1609 et
1768 1573 1810 1604 20

150 1631 352 1677 faucium
406 1630 731 1691 reprimendos
780 1631 1050 1691 gargalizari
1098 1637 1282 1692 oportet
1331 1631 1532 1691 tepidam
1579 1646 1744 1692 aquam

148 1700 347 1747 mulsam
384 1714 492 1747 cum
529 1714 692 1746 umore
730 1702 905 1747 tisanae
948 1707 994 1747 et
1031 1715 1138 1747 cum
1175 1700 1310 1747 melle
1350 1701 1602 1763 decoctam,
1639 1715 1745 1762 pas-

150 1785 253 1817 sum
293 1784 479 1831 quoque
518 1785 625 1817 cum
656 1769 941 1831 glycyrrhiza
979 1770 1051 1816 vel
1088 1770 1264 1832 hysopo
1303 1770 1374 1817 vel
1411 1772 1546 1817 faeno
1578 1785 1745 1831 graeco

149 1840 223 1887 vel
259 1840 343 1886 lini
381 1841 557 1887 semine
596 1840 842 1887 decoctum
875 1842 1000 1887 iuvat
1038 1854 1220 1886 necnon
1259 1847 1306 1887 et
1343 1855 1461 1901 aqua
1491 1840 1745 1887 malvarum

149 1910 243 1957 illic
273 1912 564 1956 incoctarum
595 1910 940 1971 gargalizationi
970 1910 1223 1972 plurimum
1247 1910 1452 1971 prodest.
1498 1909 1622 1957 Bene
1648 1912 1743 1972 opi·
1769 1922 1809 1953 25

150 1980 327 2027 tulatur
359 1986 405 2026 et
435 1980 694 2026 fomentum
724 1994 810 2041 per
833 1980 1069 2040 sfongeam
1097 1980 1354 2026 adhibitum
1380 1995 1434 2026 ex
1459 1995 1576 2040 aqua
1601 1979 1744 2027 calida

149 2051 348 2097 arteriae
387 2056 434 2096 et
465 2050 691 2111 saucibUS,
730 2064 844 2111 quas
875 2056 1032 2111 partes
1063 2056 1223 2111 postea
1254 2052 1348 2110 tegi
1379 2050 1614 2111 oportebit
1645 2051 1747 2097 lana

151 2120 312 2167 sucida
349 2134 478 2180 pura.

293 2189 466 2236 Sedant
513 2195 718 2236 tumores
759 2190 964 2236 faucium
1002 2196 1048 2236 et
1085 2204 1200 2236 uvae
1236 2191 1568 2251 perunctiones
1608 2204 1746 2250 quae-

151 2260 277 2323 dam,
322 2266 375 2306 ut
423 2274 565 2306 sucus
611 2260 667 2306 de
713 2261 856 2307 moris
901 2266 1062 2306 coctus
1106 2261 1155 2306 in
1191 2259 1341 2306 mellis
1379 2259 1745 2323 spissitudinem,
1768 2276 1809 2306 30

150 2331 262 2376 item
294 2329 402 2375 mali
426 2329 591 2376 Punici
622 2344 872 2389 granorum
905 2343 1060 2391 sucuS,
1091 2331 1202 2375 item
1233 2343 1346 2375 uvae
1379 2328 1572 2375 acerbae
1604 2343 1745 2376 sucus

152 2400 315 2445 eodem
352 2399 490 2445 modo
529 2399 774 2461 decoctus3
813 2399 1004 2460 prodest
1041 2404 1087 2445 et
1124 2398 1309 2444 lentisci
1339 2404 1385 2444 et
1415 2398 1668 2445 terebinthi
1699 2406 1746 2445 et

151 2470 267 2515 rhus
292 2469 469 2530 Syriaci
493 2476 540 2515 et
563 2475 740 2530 myrtae
767 2475 812 2515 et
843 2468 949 2515 rubi
979 2474 1027 2514 et
1056 2482 1188 2514 rosae
1221 2482 1376 2529 sucus,
1409 2470 1446 2514 si
1472 2483 1578 2514 cum
1610 2467 1744 2514 melle

151 2538 265 2584 haec
304 2540 455 2584 omnia
497 2539 842 2601 decoquantur3
886 2552 1035 2599 pruna
1084 2552 1270 2599 quoque
1315 2544 1513 2599 prosunt
1550 2544 1744 2600 matura,

266 2644 507 2686 5foenicio.
590 2643 819 2686 6filaterii.
902 2648 924 2685 7
943 2643 1267 2686 abscondiatur.
1351 2648 1402 2685 10
1425 2643 1744 2697 suffugationis.

154 2705 204 2742 15
236 2699 479 2742 aui-iuntur.
564 2705 614 2741 16
645 2700 849 2752 myrrhae
881 2701 984 2753 (sic).
1070 2704 1118 2741 17
1150 2700 1406 2741 tracacanti.
1474 2703 1529 2741 20
1559 2699 1745 2741 difficul-

150 2757 257 2798 tate.
333 2761 385 2798 23
416 2755 647 2811 glyceriza.
722 2760 775 2798 25
806 2756 993 2798 incocta.
1081 2755 1295 2809 prodeunt
1326 2756 1432 2810 (sic).
1507 2760 1560 2797 33
1590 2757 1744 2809 myrte.
