1898 3016
802 87 1136 136 ..30-

175 221 333 262 coctos
362 215 587 275 inponere
623 214 736 261 utile
768 222 839 261 est
870 215 941 262 vel
971 214 1137 262 bulbos
1169 213 1325 261 scillae
1355 229 1412 262 ex
1441 230 1558 277 aqua
1592 222 1765 278 coctos,

173 285 237 331 ita
274 289 327 330 ut
364 283 580 331 aluminis
616 284 781 346 liquidi
818 285 1091 331 tantundem
1127 284 1348 345 ponderis
1379 286 1688 332 admisceatur
1719 292 1766 332 et

89 365 141 402 22
174 356 240 400 sic
280 361 420 414 caput
456 353 691 401 inlinatur.
750 354 818 400 Ad
849 369 916 418 ea,
950 369 1069 415 quae
1103 355 1370 402 fervescunt
1397 356 1446 402 in
1476 357 1626 416 capite
1658 369 1765 402 cum

172 423 371 486 rubore,
414 423 497 470 lini
541 438 700 471 semen
747 430 997 470 contusum
1042 430 1089 471 et
1125 423 1258 471 melle
1297 439 1601 486 consparsum
1631 426 1762 485 inpo-

89 505 142 543 23
174 493 380 540 nendum
418 499 502 540 est.
563 493 632 539 Ad
671 495 835 555 capitis
874 493 1058 540 dolores
1094 496 1143 540 in
1174 494 1314 541 febri:
1350 493 1497 541 Butae
1529 494 1762 541 silvaticae
1785 511 1806 543 5

175 564 365 609 seminis
411 563 481 609 vel
526 569 659 609 rutae
704 564 877 610 noditis
921 563 1112 626 radicis,
1163 578 1219 611 ex
1263 578 1352 625 qua
1389 563 1503 610 rhus
1540 565 1764 624 nascitur,

172 647 375 695 murrae,
405 632 629 694 pyrethri,
660 633 933 695 aphronitri,
965 633 1073 680 salis
1100 635 1388 695 ammoniaci,
1418 635 1593 695 piperis
1624 632 1765 696 longi,

171 702 373 749 hederae
412 702 540 748 albae
579 701 796 750 foliorum
836 702 906 749 vel
941 702 1182 766 bacarum,
1220 703 1398 764 bidelli,
1436 702 1632 766 galbani,
1669 702 1762 749 bal·

173 773 302 835 sami,
332 773 416 818 iris
446 772 669 834 Illyricae,
701 772 987 833 singularum
1019 775 1280 834 specierum
1311 772 1351 818 X
1373 773 1532 834 denos,
1564 773 1764 819 castorei

172 841 212 888 X
249 841 355 904 1111,
401 841 554 888 balani
591 844 888 903 unguentarii
926 842 966 888 X
996 842 1055 904 II,
1099 843 1276 889 thamni
1313 842 1352 888 Χ
1383 841 1436 889 X.
1510 842 1639 889 Trita
1668 856 1763 888 om·
1787 861 1828 892 ιο

171 912 247 957 nia
291 913 339 957 in
384 926 530 958 unum
575 914 840 958 coiciuntur
885 926 993 958 cum
1037 914 1157 959 aceti
1201 911 1402 958 scillitici
1439 918 1665 973 quantum
1703 913 1765 958 sit

170 980 287 1027 libra
325 995 430 1028 una.
490 980 582 1028 Sed
619 982 682 1028 ita
713 981 1049 1043 temperabitur
1080 981 1380 1045 medicamen,
1417 981 1565 1028 donec
1604 982 1763 1042 spissi·

171 1050 382 1097 tudinem
419 1050 570 1097 mellis
601 1053 811 1114 recipiat,
847 1058 986 1112 atque
1025 1053 1087 1098 ita
1124 1057 1379 1112 reponetur
1415 1052 1463 1097 in
1493 1065 1601 1097 vaso
1632 1049 1764 1097 fictili

171 1127 218 1167 et
255 1134 360 1166 cum
400 1135 518 1182 opus
552 1121 709 1182 fuerit,
746 1121 853 1167 inde
886 1127 1097 1168 sumetur
1128 1127 1351 1182 quantum
1383 1122 1495 1167 satis
1526 1122 1600 1183 sit,
1638 1119 1763 1181 quod

170 1191 219 1235 in
272 1189 459 1236 linteolo
510 1190 630 1237 bene
681 1196 844 1236 tenero
897 1191 1048 1250 spisso
1093 1191 1336 1251 inlinatur,
1387 1195 1762 1251 perunctumque
1786 1207 1827 1240 15

87 1263 141 1302 24
170 1273 363 1305 rosaceo
402 1259 583 1306 modico
620 1261 887 1320 inponetur.
948 1259 998 1305 Si
1035 1261 1206 1306 vastior
1244 1260 1385 1306 fuerit
1422 1258 1553 1306 dolor
1584 1260 1763 1321 capitis,

170 1329 562 1376 medicamentum
600 1336 694 1375 tam
733 1331 937 1390 spissum
974 1329 1054 1376 fiat
1089 1329 1210 1375 infra
1242 1331 1484 1391 scriptum,
1523 1343 1661 1390 quam
1691 1334 1762 1375 est

171 1398 488 1461 emplastrum,
528 1405 574 1445 et
610 1399 799 1445 linteolo
839 1399 983 1446 denso
1021 1400 1292 1460 inponatur:
1330 1399 1450 1460 Agni
1487 1400 1677 1445 seminis
1715 1403 1764 1444 et

169 1468 428 1529 peucedani
458 1468 630 1515 radicis
660 1468 820 1531 XIIII,
857 1469 991 1515 iridis
1021 1468 1060 1514 X
1083 1469 1144 1531 113
1182 1475 1313 1515 aceto
1343 1470 1475 1529 prius
1506 1474 1763 1515 maceratas

169 1537 253 1583 has
299 1539 480 1598 species
526 1552 759 1599 excoques
805 1538 875 1584 vel
912 1538 1172 1585 contundes
1210 1545 1256 1584 et
1292 1552 1398 1584 rosa
1436 1537 1585 1584 dilues
1623 1544 1760 1598 atque
1784 1555 1824 1587 20

85 1612 138 1650 25
169 1609 232 1653 ita
270 1621 375 1653 raso
414 1610 554 1668 capiti
590 1609 800 1668 inpones.
859 1607 927 1654 Ad
960 1608 1257 1654 vehementes
1288 1607 1566 1654 feminarum
1597 1608 1762 1667 capitis

169 1676 354 1723 dolores
385 1683 431 1723 et
462 1677 804 1740 suffocationes,
835 1692 952 1738 quae
983 1677 1040 1724 de
1070 1677 1204 1724 vulva
1230 1679 1432 1738 veniunt,
1463 1676 1587 1737 quod
1613 1690 1761 1737 genus

167 1746 444 1793 valetudinis
468 1746 633 1793 Graeci
655 1747 921 1809 hystericen
943 1749 1082 1809 pniga
1106 1753 1283 1810 vocant,
1314 1753 1360 1793 et
1390 1746 1445 1792 ad
1469 1761 1563 1808 eos,
1587 1747 1668 1807 qui
1689 1760 1761 1792 ca-

168 1816 277 1862 duci
307 1816 618 1879 appellantur,
650 1823 697 1863 et
727 1817 783 1863 ad
815 1818 1068 1864 freneticos
1099 1822 1146 1863 et
1178 1819 1258 1878 qui
1285 1817 1535 1877 vertigines
1566 1815 1760 1862 habent:

170 1885 427 1948 Sphondyli
449 1885 489 1932 X
513 1901 607 1948 sex,
640 1888 840 1933 castorei
863 1886 902 1932 X
926 1886 996 1949 VI,
1019 1886 1278 1948 peucedani
1301 1885 1340 1931 X
1364 1886 1418 1946 II,
1442 1900 1615 1932 nucum
1639 1899 1758 1931 ama·
1784 1902 1823 1934 25

167 1970 326 2002 rarum
358 1956 398 2002 X
429 1955 497 2003 VI.
564 1956 689 2003 Haec
728 1972 834 2003 cum
872 1962 1003 2003 aceto
1041 1962 1088 2002 et
1126 1970 1229 2002 rosa
1267 1955 1385 2002 bene
1423 1957 1532 2002 trita
1571 1962 1616 2001 et
1653 1968 1759 2015 per-

85 2029 138 2067 26
171 2026 313 2071 mixta
337 2027 477 2087 capiti
500 2026 827 2073 infunduntur.
886 2026 955 2072 Ad
979 2026 1184 2072 diutinos
1209 2027 1374 2086 capitis
1399 2023 1596 2087 dolores,
1621 2026 1760 2070 etiam

168 2101 454 2158 veternosos,
493 2111 610 2157 quos
642 2096 807 2142 Graeci
836 2095 1115 2157 lethargicos
1145 2101 1323 2157 vocant,
1355 2100 1400 2141 et
1430 2094 1682 2141 freneticos
1714 2099 1761 2139 et

169 2165 223 2210 ad
256 2167 408 2211 omnia
441 2167 563 2228 vitia,
595 2181 712 2227 quae
738 2168 861 2212 circa
885 2171 1024 2226 caput
1051 2171 1348 2226 generantur,
1379 2165 1518 2210 etiam
1541 2163 1596 2209 ad
1621 2163 1759 2224 poda-

168 2248 318 2295 gram:
370 2235 512 2281 Cerae
558 2236 597 2281 X
634 2234 907 2298 LXXXIIII,
945 2235 1035 2281 olei
1079 2236 1249 2281 veteris
1287 2233 1326 2279 X
1362 2231 1616 2293 LXXXIII,
1663 2232 1757 2278 alu·
1780 2251 1820 2281 30

168 2305 306 2350 minis
352 2305 450 2350 fissi
487 2305 526 2351 X
563 2304 642 2367 VI,
686 2306 877 2366 glutinis
915 2306 1087 2350 taurini
1126 2303 1164 2349 X
1196 2303 1257 2366 X,
1303 2302 1560 2364 peucedani
1591 2301 1630 2347 X
1661 2300 1759 2364 XX,

168 2375 317 2420 casiae
342 2374 380 2419 X
406 2374 460 2434 X,
495 2376 677 2421 resinae
707 2374 1049 2421 terebinthinae
1074 2373 1114 2419 X
1136 2372 1234 2433 XX,
1265 2374 1382 2433 picis
1412 2371 1614 2433 liquidae
1639 2371 1678 2417 X
1703 2370 1757 2434 X,

167 2442 349 2503 galbani
380 2444 420 2489 X
452 2442 591 2506 XIIII,
623 2445 747 2491 aloes
777 2444 817 2490 X
840 2443 954 2490 XVI.
1013 2443 1268 2489 Taurinum
1299 2441 1458 2502 gluten
1489 2456 1595 2487 cum
1627 2447 1757 2487 aceto

167 2511 223 2559 ad
254 2514 409 2572 ignem
441 2514 649 2576 solvitur,
683 2514 1004 2575 peucedanum
1035 2519 1082 2559 et
1111 2514 1234 2559 casia
1262 2514 1368 2558 vino
1396 2516 1626 2558 macerata
1650 2525 1757 2557 con-

281 2622 303 2658 1
337 2621 497 2661 coctas.
611 2625 635 2662 6
667 2620 790 2675 rhus]
821 2620 971 2661 chrun.
1074 2622 1125 2661 10
1156 2618 1471 2671 unguentariae
1504 2617 1754 2659 Commius.

169 2677 219 2716 19
242 2675 427 2716 radices.
486 2679 539 2716 20
563 2689 825 2729 exquoques.
886 2679 938 2717 23
961 2674 1139 2728 pignan.
1199 2678 1252 2715 28
1274 2673 1505 2715 veteranis,
1565 2676 1615 2714 31
1641 2673 1756 2725 glut-

165 2729 283 2772 tinis.
401 2735 452 2772 32
485 2731 626 2773 casiae
661 2731 702 2773 X
731 2732 770 2772 X
800 2744 878 2773 om.
994 2735 1046 2772 33
1077 2729 1275 2771 taurinus
1306 2728 1475 2783 glottis.
