1930 3008
732 105 1112 156 —351—

39 0 76 194 “W-1!

125 234 384 284 involutum
429 238 478 283 in
523 235 719 283 ventrali
763 241 939 298 gestes;
988 235 1196 282 dolorem
1242 248 1335 281 non
1380 235 1571 296 patieris
1615 236 1716 281 eius

125 305 231 368 loci,
267 305 324 352 de
364 320 455 367 quo
491 306 636 353 fuerit
673 305 847 367 aliquid
885 305 1119 353 eductum.

265 375 368 422 Mus
407 376 655 437 degluptus
693 382 738 422 et
775 390 860 437 per
897 375 1102 422 medium
1134 382 1349 421 exsectus
1380 373 1713 436 adpositusque
1746 383 1802 422 35

126 447 300 506 omnia,
339 460 456 506 quae
493 446 780 492 inhaeserint
817 446 1016 508 corpori,
1054 443 1186 491 facile
1223 444 1454 505 producit.
1520 442 1714 490 Crustae
1746 453 1802 492 36

83 515 198 562 uvel
242 530 347 562 ossa
392 517 627 576 sepiarum
672 515 999 562 conburuntur
1036 515 1247 575 cinisque
1286 528 1446 560 earum
1483 514 1717 574 inpositus

127 586 297 647 educit,
328 599 650 646 quaecumque
682 586 869 646 corpori
897 585 1198 632 inhaeserint.
1235 583 1388 630 Alium
1413 582 1584 630 elixum
1609 597 1716 630 cum
1747 593 1799 631 37

126 657 230 717 pice
266 656 522 716 inpositum
560 655 812 701 arundines
852 654 1051 701 extrahit
1088 655 1275 714 corpori
1312 653 1498 700 adfixas.
1557 652 1716 699 Filicis
1747 662 1802 700 38

127 726 257 772 radix
302 727 410 772 trita
456 724 732 770 arundinem
777 724 998 786 extrahit,
1048 738 1239 770 rursum
1291 723 1534 769 arundinis
1586 722 1717 768 radix

126 802 262 842 tunsa
293 796 586 855 inpositaque
617 793 801 856 filicem,
836 808 953 855 quae
986 795 1174 854 corpori
1203 792 1471 854 inhaeserit,
1501 792 1717 838 celeriter

63 876 105 909 ιο
128 864 347 911 extrudit.
421 862 629 910 Acrifolii
673 863 804 909 radix
859 864 1059 910 contrita
1110 864 1404 923 inpositaque
1457 862 1551 924 his,
1599 875 1717 922 quae
1748 871 1801 909 39

127 934 314 995 corpori
346 932 654 995 adhaeserint,
690 938 906 994 potenter
945 932 1170 979 medetur.

266 1002 457 1064 Blattae,
494 1003 540 1048 id
579 1011 651 1049 est
686 1002 924 1065 bestiolae,
963 1002 1199 1048 adstrictis
1236 1000 1622 1062 tumentibusque
1661 1000 1717 1047 de
1747 1009 1802 1048 40

126 1075 297 1120 iniuria
334 1072 533 1134 pedibus
570 1079 617 1119 et
653 1072 755 1119 talis
793 1074 930 1119 tritae
967 1079 1106 1134 atque
1135 1072 1365 1132 inpositae
1396 1072 1563 1132 omnia,
1600 1084 1718 1131 quae

126 1143 413 1190 inhaeserint
443 1143 643 1204 corpori,
673 1147 891 1203 potenter
922 1141 1171 1202 expellunt.
1217 1141 1364 1189 Radix
1388 1140 1614 1186 silvestris
1639 1154 1717 1186 cu·
1748 1150 1801 1187 41

65 1225 105 1257 15
128 1214 332 1261 cumeris
385 1226 491 1258 cum
536 1212 683 1258 farina
733 1211 816 1258 lini
868 1213 1059 1258 seminis
1106 1212 1306 1271 inposita
1350 1209 1481 1256 valde
1525 1209 1719 1270 prodest

128 1282 350 1329 eiciendis
386 1282 473 1339 his,
513 1295 630 1342 quae
661 1282 848 1342 corpori
878 1282 1179 1327 inhaeserint.
1233 1279 1417 1326 Urticae
1448 1279 1580 1326 radix
1610 1293 1718 1325 cum
1747 1289 1802 1326 42

128 1352 220 1399 sale
265 1352 374 1398 trita
413 1357 551 1412 atque
589 1351 798 1412 adposita
835 1351 1072 1412 producit,
1119 1363 1439 1411 quaecumque
1481 1349 1720 1395 haeserint
1825 1359 1829 1362 ’

127 1427 206 1468 aut
244 1421 415 1468 calcata
454 1422 640 1467 fuerint.

268 1490 616 1551 Cuiuscumque
654 1489 862 1536 animalis
901 1489 1146 1550 coagulum
1177 1490 1375 1535 maxime
1406 1487 1578 1549 leporis
1610 1501 1717 1534 cum
1748 1498 1803 1535 43

64 1573 106 1604 20
128 1562 229 1623 pari
266 1560 471 1621 pondere
511 1561 630 1607 turis
666 1559 739 1606 vel
776 1561 891 1606 visci
926 1561 1183 1619 inpositum
1220 1572 1495 1619 permanere
1533 1559 1581 1603 in
1617 1571 1717 1603 cor-

127 1644 240 1692 pore
295 1644 411 1690 quae
460 1629 633 1677 calcata
678 1635 787 1676 sunt
830 1643 925 1675 non
970 1630 1092 1675 sinit.
1165 1628 1482 1689 Argimoniam
1525 1626 1719 1673 herbam
1748 1638 1804 1676 44

127 1706 252 1747 teres
284 1707 329 1746 et
359 1699 475 1761 loco,
513 1701 590 1746 cui
619 1699 794 1760 aliquid
823 1698 1041 1760 haeserit,
1077 1699 1419 1759 superpositam
1450 1696 1718 1759 conligabis,

51 1806 54 1808 .
129 1770 373 1817 confestim
402 1769 634 1831 proderit3
664 1769 752 1814 hoc
784 1774 1028 1829 expertum
1060 1782 1162 1814 esse
1193 1767 1296 1828 legi.
1341 1766 1514 1813 Terrae
1546 1765 1718 1812 malum
1749 1777 1803 1814 45

129 1854 236 1886 cum
273 1838 408 1884 melle
446 1845 571 1884 teres
609 1845 656 1885 et
684 1841 880 1899 inpones
911 1838 967 1884 ad
998 1839 1165 1900 omnia,
1196 1851 1517 1898 quaecumque
1548 1835 1720 1882 calcata

0 1914 35 1927 ”
66 1920 107 1952 25
134 1908 315 1955 extrahi
358 1907 583 1969 volueris;
627 1907 715 1954 hoc
761 1909 872 1954 satis
910 1907 1024 1954 utile
1063 1909 1333 1967 experieris.
1397 1906 1573 1968 Nepeta
1611 1919 1718 1952 con·
1750 1916 1804 1955 46

130 1976 239 2024 trita
278 1977 348 2023 vel
384 1976 492 2023 rubi
523 1977 643 2040 folia,
680 1991 785 2023 nam
817 1977 939 2023 idem
969 1982 1221 2038 praestant,
1258 1978 1458 2037 inposita
1489 1975 1605 2037 loco,
1644 1976 1721 2022 cui

130 2047 302 2108 aliquid
340 2047 615 2109 inhaeserit,
653 2052 868 2107 potenter
905 2046 1165 2108 medentur,
1204 2048 1245 2092 si
1281 2045 1482 2106 desuper
1521 2060 1576 2091 ex
1613 2045 1719 2090 hor-

130 2117 276 2163 diacia
307 2117 455 2163 farina
485 2115 685 2162 massula
716 2118 855 2162 nimis
887 2115 1005 2162 salsa
1037 2122 1083 2162 et
1114 2115 1269 2162 calens
1293 2115 1566 2176 adponatur.
1609 2113 1718 2160 Lar·
1750 2125 1805 2162 47

129 2186 239 2233 dum
270 2192 456 2233 coctum
486 2200 592 2232 cum
622 2187 786 2246 pingui
816 2200 900 2232 suo
933 2185 1288 2246 adpositumque
1319 2190 1537 2245 potenter
1567 2185 1720 2229 omnia

67 2267 108 2298 so
131 2255 332 2318 expellit,
373 2270 489 2316 quae
528 2257 716 2316 corpori
751 2255 1053 2316 inhaeserint,
1092 2256 1132 2300 si
1167 2254 1261 2300 illic
1299 2253 1526 2313 alligetur.

270 2325 418 2371 Clavis
449 2325 621 2385 pedum
653 2325 872 2386 callisque
905 2331 951 2371 et
981 2326 1190 2370 verrucis
1220 2324 1334 2370 haec
1362 2322 1568 2369 remedia
1590 2321 1721 2368 utilia
1751 2333 1809 2370 48

54 2439 56 2442 ,
131 2403 251 2441 sunt.
324 2394 439 2441 Nam
482 2394 721 2455 plerisque
766 2395 953 2440 nomine
1000 2393 1298 2440 clavellorum
1341 2394 1574 2453 pernicies
1612 2393 1719 2438 arti-

131 2463 248 2510 culis
292 2466 533 2526 increscit,
580 2478 698 2525 quae
745 2464 970 2510 obdurata
1015 2463 1129 2510 callo
1176 2462 1375 2524 quodam
1421 2463 1613 2523 rigescit
1654 2464 1720 2507 in-

132 2532 472 2594 credibilesque
506 2533 694 2580 exhibet
718 2533 984 2580 ambulandi
1006 2532 1317 2579 difficultates.
1362 2531 1486 2578 Haec
1510 2530 1721 2577 molestia

28 2672 36 2687 2
274 2643 324 2680 10
354 2639 478 2680 radix
508 2651 588 2681 om.
714 2643 763 2680 11
797 2652 991 2694 corpore.
1109 2643 1162 2680 14
1194 2651 1385 2692 corpore.
1503 2642 1554 2680 16
1588 2637 1722 2691 quae]

26 2691 52 2749 {¹
132 2694 219 2746 qui.
337 2698 386 2735 19
418 2694 673 2748 quagulum.
790 2700 841 2737 21
874 2695 1121 2749 agrimonia
1150 2694 1302 2736 herba.
1399 2697 1452 2735 26
1482 2693 1723 2747 praestent.

29 2751 31 2761 ¹
131 2755 183 2791 27
216 2749 422 2792 ordiacia.
538 2755 590 2792 29
619 2751 798 2805 pinguo.
916 2756 967 2793 33
998 2750 1181 2804 rigiscit.
