1898 3016
797 107 1132 155 „74-

163 238 418 284 ferventem
459 236 659 281 mittitur
696 240 834 295 atque
876 233 970 280 illic
1002 234 1292 296 excoquitur,
1330 232 1476 280 donec
1508 234 1626 280 cinis
1660 232 1758 295 fiat3

162 307 250 353 hoc
289 306 346 352 de
381 306 699 366 experimento
739 303 996 365 ypochyses
1027 302 1340 364 caliginesque
1371 309 1588 364 potenter
1619 310 1757 364 atque

79 383 131 422 89
162 376 358 423 mirifice
388 380 569 436 purgat.
629 373 920 434 Anagallidos
952 371 1123 418 herbae
1154 372 1239 418 flos
1263 387 1528 435 purpureus
1553 373 1606 419 ad
1633 388 1757 420 men-

164 460 319 493 suram
366 445 609 491 obolorum
653 445 798 490 trium
843 442 1091 503 diligenter
1135 443 1275 488 tritus
1320 449 1366 489 et
1410 458 1517 489 cum
1562 443 1758 503 pausillo

164 517 258 562 vini
295 517 466 562 veteris
503 515 678 560 mixtus
716 514 978 559 inunctioni
1016 511 1310 573 caligantium
1349 513 1590 559 oculorum
1622 514 1758 559 mira-

80 593 133 630 90
165 585 321 632 biliter
358 584 563 646 prodest.
629 583 849 629 Lacertas
886 583 1108 644 pisinnaS,
1147 596 1263 642 quae
1301 583 1349 628 in
1388 582 1625 643 segetibus
1663 597 1758 628 mo-

165 662 342 717 rantur,
383 668 496 715 quas
527 653 691 699 Graeci
727 666 890 698 aruras
922 657 1098 714 vocant,
1137 650 1381 698 conburito
1421 658 1467 697 et
1497 651 1552 697 ad
1585 653 1758 698 tenuis-

165 726 335 770 simum
373 723 613 785 pulverem
651 721 848 783 redigite
887 728 1024 782 atque
1063 735 1117 767 ex
1157 735 1210 767 eo
1243 723 1485 767 cum'vino
1517 728 1596 768 aut
1626 721 1759 768 melle

78 802 132 840 91
165 797 338 855 optimo
371 793 622 854 caligantes
646 791 806 838 oculos
829 792 1016 852 inunge,
1049 790 1178 837 valde
1202 791 1424 851 proderit.
1475 791 1759 837 Centaureae

165 865 358 910 minoris
396 877 508 910 suco
547 861 670 908 oculi
707 876 762 907 ex
801 861 934 907 melle
972 862 1154 906 inuncti
1191 860 1385 920 caligine
1424 862 1515 906 cito
1551 861 1760 921 deposita

79 942 133 979 92
165 934 485 981 tenuissimam
539 934 683 978 aciem
729 936 987 978 resumunt.
1061 929 1272 976 Feniculi
1316 930 1485 976 radicis
1538 937 1760 977 contusae

166 1019 279 1050 suco
333 1003 606 1050 tantundem
661 1000 809 1047 mellis
855 1001 1018 1061 optimi
1070 999 1332 1060 despumati
1392 1002 1568 1046 utinam
1621 1000 1761 1046 Attici

165 1075 358 1120 misceto
404 1086 550 1134 eaque
595 1071 721 1117 lento
767 1072 873 1131 igne
918 1070 972 1116 ad
1019 1069 1169 1115 mellis
1214 1070 1574 1116 crassitudinem
1613 1070 1760 1116 disco—

165 1145 295 1204 quito
334 1145 631 1203 repositaque
665 1142 711 1186 in
752 1140 919 1201 pyxide
959 1141 1096 1185 etiam
1134 1153 1268 1185 aerea
1305 1138 1494 1201 habet03
1533 1154 1641 1185 cum
1671 1141 1761 1185 erit

165 1227 302 1274 opus,
349 1226 455 1258 cum
500 1225 618 1272 aqua
663 1211 917 1256 cisternina
962 1215 1040 1255 aut
1083 1207 1303 1254 muliebri
1346 1208 1463 1254 lacte
1501 1210 1762 1270 inunguito,

77 1291 133 1328 93
165 1284 376 1343 quamvis
421 1295 603 1327 crassas
645 1279 865 1340 caligines
903 1280 995 1324 cito
1035 1278 1271 1325 discuties,
1345 1277 1557 1325 Feniculi
1594 1278 1762 1325 radicis

166 1352 384 1398 decoctae
415 1365 533 1411 aqua
565 1349 725 1396 oculos
757 1349 947 1395 adsidue
980 1348 1145 1409 foveto,
1181 1349 1272 1393 cito
1304 1362 1486 1393 omnem
1519 1347 1762 1408 caliginem

78 1429 138 1467 94
165 1421 313 1468 tolles.
373 1419 741 1481 Caliginantibus
772 1417 921 1464 oculis
956 1419 1082 1463 visus
1107 1420 1288 1463 acutior
1310 1420 1587 1464 restituetur
1611 1432 1762 1478 neque

165 1491 297 1538 facile
335 1493 384 1536 in
428 1491 516 1536 hoc
554 1491 717 1536 vitium
754 1488 942 1549 incidet,
981 1489 1062 1548 qui
1099 1501 1214 1534 usus
1253 1487 1393 1534 fuerit
1430 1487 1639 1534 remedio
1670 1487 1764 1550 tali,

165 1567 218 1608 ut
256 1567 532 1607 centaureae
572 1558 858 1619 manipulum
892 1557 1091 1603 nitidum
1129 1559 1177 1603 in
1216 1558 1310 1603 vini
1348 1558 1523 1619 optimi,
1562 1557 1643 1603 sed
1682 1571 1761 1603 no·

163 1630 371 1677 vellastri
418 1630 635 1690 congium
680 1630 832 1674 mittat
877 1634 957 1672 aut
995 1628 1131 1672 etiam
1172 1633 1400 1688 excoquat
1438 1641 1490 1672 ac
1528 1626 1684 1673 triduo
1715 1628 1763 1672 in

164 1700 350 1747 vasculo
390 1700 546 1746 clauso
585 1697 656 1744 vel
693 1702 856 1759 operto
894 1698 1122 1742 macerari
1152 1696 1309 1758 faciat3
1348 1696 1515 1742 deinde
1546 1702 1652 1757 post
1681 1698 1763 1742 tri-

166 1771 310 1817 duum
347 1770 581 1815 heminam
620 1770 720 1814 eius
758 1768 854 1813 vini
890 1768 1081 1812 mixtam
1113 1781 1219 1812 cum
1251 1766 1396 1812 calida
1427 1780 1547 1827 aqua
1584 1766 1764 1812 adiecto

78 1847 134 1884 95
167 1839 300 1886 melle
338 1841 525 1886 ieiunus
558 1843 772 1884 manente
802 1836 896 1883 illic
929 1842 1176 1882 centaurea
1208 1836 1398 1882 cottidie
1426 1835 1565 1883 bibat.
1624 1835 1765 1882 Lauri

166 1910 272 1956 folia
312 1908 394 1955 XX
439 1908 606 1955 leviter
652 1908 853 1954 contrita
890 1920 1026 1967 passo
1065 1905 1228 1952 diluito
1268 1911 1313 1952 et
1350 1905 1492 1951 linteo
1532 1905 1680 1952 colato
1719 1911 1765 1951 et

164 1981 212 2025 in
258 1978 504 2025 caccabulo
543 1978 791 2038 decoquito
838 1976 892 2022 ad
935 1975 1294 2022 crassitudinem
1341 1975 1489 2021 mellis
1534 1981 1670 2036 atque
1710 1989 1765 2021 ex

79 2057 135 2095 96
167 2064 221 2096 eo
259 2050 520 2109 inunguito,
560 2044 812 2093 efficaciter
850 2045 1094 2106 caliginem
1132 2045 1368 2091 discuties
1441 2044 1587 2091 Bacae
1625 2046 1766 2106 myrti

166 2133 306 2180 supra
346 2118 573 2164 carbones
613 2118 740 2162 vivos
778 2116 834 2162 ad
873 2115 1265 2175 suffumigandum
1303 2115 1481 2175 positae
1521 2114 1764 2175 caliginem

167 2194 440 2261 extenluant,
495 2188 534 2233 si
579 2186 726 2233 oculis
772 2187 945 2246 apertis
984 2185 1163 2230 fumum
1208 2199 1366 2230 earum
1414 2185 1645 2244 patienter
1690 2198 1764 2230 ex-

82 2267 135 2304 97
169 2259 363 2319 ceperis.
423 2256 543 2303 Pulli
572 2256 876 2302 hirundinum
908 2254 979 2300 vel
1009 2256 1102 2300 assi
1135 2254 1201 2300 vel
1234 2254 1340 2300 elixi
1371 2254 1417 2298 in
1452 2253 1554 2299 cibo
1581 2254 1765 2314 saepius

84 2337 137 2374 98
169 2329 344 2389 sumpti
388 2326 536 2373 oculis
581 2324 938 2387 caliginantibus
977 2324 1228 2370 efficaciter
1265 2328 1474 2383 prosunt.
1545 2322 1765 2383 Lapidem

167 2397 476 2459 bostrychitin
515 2402 671 2442 tecum
711 2409 894 2455 semper
928 2393 1109 2454 habet0‚
1148 2394 1228 2453 qui
1259 2393 1313 2438 ad
1346 2394 1491 2438 aciem
1523 2392 1766 2439 oculorum

84 2476 138 2513 99
170 2468 459 2513 excitandam
497 2467 749 2512 efficaciter
787 2463 989 2525 prodest.
1063 2462 1207 2508 Muris
1246 2463 1456 2523 agrestiS‚
1495 2461 1541 2508 id
1580 2468 1651 2508 est
1686 2464 1767 2523 qui

169 2537 218 2582 in
256 2538 430 2598 campis
468 2537 718 2598 invenitur,
757 2532 974 2580 conbusti
1005 2533 1122 2578 cinis
1154 2533 1385 2578 contritus
1417 2537 1462 2577 et
1493 2546 1599 2578 cum
1630 2531 1765 2578 melle

283 2701 306 2737 2
337 2696 592 2749 ypocheses.
711 2698 761 2736 15
790 2694 1046 2747 inungueto.
1162 2697 1214 2734 27
1246 2692 1501 2747 inungueto.
1608 2697 1661 2735 30
1691 2694 1767 2735 he-

170 2753 418 2794 rundinum.
538 2756 588 2793 31
620 2749 935 2803 bostrychiten.

1786 878 1824 907 10

1786 1224 1825 1255 15

1787 1573 1827 1603 20

1788 1920 1828 1952 25

1788 2268 1829 2298 30
