1898 3016
86 209 139 246 90

83 697 135 735 91

86 1116 137 1153 92

788 98 844 104 -
924 70 1026 120 206
1101 35 1205 105 -‘

312 196 380 242 Ad
421 196 729 256 digestionem
759 198 1032 258 parandam:
1070 198 1279 259 luniperi
1306 199 1529 247 bacarum
1560 200 1772 248 enuclea-

169 271 323 312 tarum
355 271 402 312 et
431 266 683 327 zingiberis
714 275 761 313 et
791 267 1054 328 petrosilini
1082 267 1371 316 Macedonici
1403 276 1451 316 et
1479 272 1656 332 piperis
1687 285 1772 318 un-

169 337 266 382 cias
297 335 516 398 singulas,
547 336 697 382 mellis
727 337 895 383 libram
925 352 1080 384 unam.
1133 337 1262 392 Quae
1293 345 1402 386 sunt
1432 341 1569 402 sicca,
1599 341 1771 387 tundes

169 405 239 451 vel
284 411 409 452 teres
455 411 501 452 et
546 406 775 453 cribrabis
820 407 1087 470 diligentem
1132 414 1296 468 postea
1341 409 1432 456 mel
1470 416 1678 472 coctum,
1723 410 1771 457 id

169 482 240 522 est
261 476 604 538 despumatum,
635 476 916 523 admiscebis
941 482 988 523 et
1014 479 1162 523 uteris
1184 478 1491 526 medicamine
1515 486 1562 526 et
1583 482 1771 527 ieiunus
1793 493 1819 524 5

170 552 216 591 et
246 552 352 606 post
384 559 547 592 cenam
577 560 664 606 per
694 546 904 593 cocleare
935 554 1126 609 accepto
1159 554 1385 609 quantum
1417 551 1478 595 sit
1498 550 1770 610 magnitudo

169 615 402 662 avellanae
441 617 645 662 maioris.

307 685 377 731 Ad
417 685 643 732 stomachi
681 685 890 732 dolorem
927 688 976 732 in
1013 688 1193 748 impetu
1231 688 1567 736 cohibendum:
1609 688 1771 735 Pomo-

168 769 274 801 rum
313 755 630 816 cydoneorum
668 762 823 803 cutem
854 756 997 803 ‘tolles
1035 764 1175 818 atque
1212 758 1321 804 inde
1357 785 1416 791 --
1446 758 1532 804 1111
1569 765 1616 805 et
1645 759 1772 820 pulei

173 851 231 857 —-
267 825 307 887 1,
354 827 533 886 piperis
573 851 638 859 —
669 826 710 888 Ι,
756 826 1007 887 zingiberis
1043 854 1111 860 -·
1141 827 1224 890 ΙΙΙ,
1273 828 1358 874 alei
1399 828 1561 875 Gallici
1603 854 1661 860 -—
1695 828 1772 890 111,
1794 841 1838 871 io

169 894 320 941 mellis
359 895 599 958 selibram,
646 897 767 942 aceti
811 896 935 957 quod
981 897 1183 943 sufficiat
1227 897 1401 945 adicies
1440 905 1486 945 et
1523 898 1772 959 diligenter

169 966 279 1011 trita
317 967 471 1011 omnia
507 966 815 1026 permiscebis
854 972 994 1027 atque
1031 967 1140 1013 inde
1178 967 1388 1014 cocleare
1418 969 1609 1029 plenum
1641 968 1772 1014 dabis

169 1037 308 1081 etiam
347 1034 514 1081 cibat0.

310 1105 583 1151 Antidotum
621 1105 906 1151 acharistum
942 1105 1188 1166 multiplex
1226 1107 1396 1152 mirum
1435 1107 1547 1153 facit
1583 1106 1638 1152 ad
1677 1121 1772 1168 eos,

171 1176 252 1235 qui
297 1189 450 1221 escam
495 1189 590 1220 non
627 1175 847 1236 digerunt
885 1181 931 1221 et
969 1177 1050 1236 qui
1086 1175 1204 1221 male
1242 1181 1452 1237 ructant,
1500 1182 1546 1222 et
1584 1176 1640 1222 ad
1679 1182 1769 1223 sto-
1795 1188 1838 1219 15

169 1244 323 1290 machi
367 1244 576 1290 dolorem
619 1251 666 1291 et
703 1245 759 1291 ad
797 1244 958 1291 lateris
997 1251 1043 1291 et
1080 1247 1286 1292 vessicae
1326 1251 1372 1292 et
1408 1247 1593 1292 renium
1631 1246 1772 1292 mole-

170 1316 284 1360 stias
322 1320 369 1360 et
406 1314 462 1360 ad
501 1316 670 1376 omnia,
709 1329 826 1376 quae
865 1316 1065 1362 interius
1108 1330 1272 1362 causas
1308 1314 1454 1362 malae
1492 1315 1772 1362 valetudinis

170 1383 363 1446 habent,
407 1385 454 1430 id
501 1390 572 1431 est
617 1384 672 1431 ad
719 1391 923 1447 scotum,
968 1385 1024 1431 ad
1062 1385 1242 1432 febrem
1281 1385 1560 1432 cotidianam
1597 1392 1644 1432 et
1680 1392 1772 1432 ter-

169 1456 342 1500 tianam
382 1460 429 1500 et
467 1460 762 1517 quartanam,
800 1454 856 1500 ad
897 1457 1172 1516 sanguinem
1208 1457 1486 1518 tussientes,
1524 1455 1582 1502 ad
1620 1457 1769 1516 suspi-

170 1526 344 1585 riosos,
381 1524 438 1570 ad
477 1524 787 1585 dysintericos
826 1530 873 1570 et
910 1525 966 1570 ad
998 1525 1170 1571 colicos
1208 1532 1254 1571 et
1292 1526 1349 1572 ad
1387 1528 1592 1586 epaticos
1631 1531 1678 1572 et
1714 1525 1771 1572 ad
1794 1537 1836 1568 20

170 1595 361 1640 nimiam
391 1594 595 1654 vigiliam
626 1601 672 1640 et
701 1594 757 1640 ad
790 1594 988 1640 strofum
1021 1601 1067 1641 et
1098 1595 1154 1641 ad
1178 1596 1510 1641 intestinorum
1541 1594 1770 1658 dolorem3

169 1678 379 1710 morsum
417 1666 556 1710 etiam
595 1666 829 1725 serpentis
867 1670 1001 1711 curat
1038 1673 1110 1711 ter
1141 1665 1196 1711 ad
1228 1665 1352 1711 diem
1383 1664 1567 1711 vulneri
1596 1667 1769 1725 inposi-

168 1741 269 1780 tum
299 1733 373 1780 vel
401 1736 535 1794 potui
566 1734 747 1796 datum3
786 1735 1017 1781 confectio
1047 1734 1162 1780 haec
1195 1741 1286 1781 est:
1325 1734 1614 1781 Cinnamomi
1648 1760 1708 1766 —
1739 1734 1770 1797 Ι,

169 1818 353 1866 myrrae
394 1830 453 1836 —-
488 1803 572 1866 ΙΙΙ,
610 1806 787 1865 piperis
829 1831 889 1836 —
922 1804 963 1866 I,
1002 1806 1203 1850 castorei
1240 1806 1547 1867 semunciam,
1586 1803 1772 1865 galbani

168 1899 236 1907 -
266 1874 306 1936 Ι,
346 1876 542 1920 storacis
581 1899 645 1906 ———
678 1874 718 1937 Ι,
756 1876 908 1921 casiae
945 1874 1127 1920 fistulae
1166 1874 1222 1937 Β,
1258 1875 1436 1936 piperis
1473 1874 1600 1935 longi
1641 1900 1699 1906 -—
1734 1873 1768 1936 1,
1793 1885 1833 1916 25

169 1945 289 1990 costi
326 1970 393 1976 --
425 1944 464 2005 Ι,
503 1945 597 2005 opii
634 1942 691 2006 Σ,
735 1946 890 2004 spicae
927 1944 1064 1990 nardi
1100 1943 1150 2006 Σ,
1188 1946 1316 1990 croci
1352 1942 1401 2007 Ξ,
1438 1944 1589 1990 mellis
1626 1945 1771 1990 Attici

168 2012 216 2060 8
248 2013 280 2060 Ι.
348 2013 512 2060 Omnia
549 2015 637 2060 ista
675 2014 846 2060 tundes
884 2013 1133 2074 diligenter
1179 2020 1225 2060 et
1270 2028 1435 2060 cernes
1479 2013 1599 2060 bene
1637 2020 1684 2059 et
1722 2015 1769 2060 in

167 2083 407 2144 pulverem
452 2083 779 2130 mollissimum
825 2083 1013 2130 redacta
1054 2083 1347 2130 mensurabis
1384 2089 1573 2143 praeter
1609 2085 1769 2143 opium

168 2160 215 2200 et
251 2153 520 2216 galbanum,
559 2153 807 2214 galbanum
845 2155 893 2199 in
932 2153 1019 2200 olla
1057 2168 1176 2200 nova
1215 2167 1463 2215 excoques,
1505 2154 1569 2199 ita
1605 2159 1659 2199 ut
1696 2161 1769 2199 ter

167 2223 332 2270 bulliat
369 2238 512 2284 super
549 2237 739 2286 prunas,
778 2225 938 2284 opium
975 2229 1131 2270 autem
1169 2238 1275 2270 cum
1313 2224 1420 2269 vino
1451 2230 1609 2269 vetere
1639 2229 1766 2269 teres
1790 2235 1830 2266 30

168 2300 214 2340 et
250 2292 559 2355 permiscebis
597 2293 846 2354 diligenter
891 2299 938 2339 et
974 2299 1074 2340 tum
1113 2298 1268 2340 cetera
1310 2307 1416 2339 cum
1454 2291 1591 2338 melle
1629 2292 1768 2339 simul

168 2365 324 2410 omnia
366 2363 674 2424 permiscebis
721 2363 801 2410 diu
848 2370 894 2410 et
938 2363 1186 2424 diligenter
1230 2363 1398 2422 agitata
1447 2368 1494 2408 et
1539 2362 1766 2408 recondes

169 2433 254 2480 sub
287 2433 525 2494 signaculo
557 2434 604 2479 in
635 2433 804 2495 pyxide
832 2433 983 2479 buxea
1014 2439 1093 2478 aut
1116 2434 1162 2478 in
1188 2431 1368 2478 doleolo
1392 2433 1540 2478 vitreo
1566 2438 1612 2478 et
1635 2431 1766 2478 dabis

169 2505 246 2550 cui
291 2503 494 2551 volueris
540 2503 597 2548 ad
642 2503 831 2549 modum
877 2502 1106 2549 avellanae
1152 2516 1259 2548 cum
1300 2501 1450 2547 mellis
1487 2501 1766 2548 cocliaribus

311 2670 333 2706 6
366 2666 599 2721 quantum]
638 2666 806 2719 quanta
843 2664 1095 2707 Commius,
1271 2667 1320 2703 17
1355 2662 1623 2706 validudinis
1655 2664 1763 2718 (sie).

168 2723 221 2762 20
253 2719 564 2765 dissinterieos.
680 2723 734 2762 25
766 2720 993 2762 storachis„
1109 2724 1162 2761 33
1193 2718 1356 2773 pixide.
