1898 3016
775 134 833 138 -
910 105 1008 155 168
1087 89 1176 139 -'

157 231 440 280 carbonibus
477 233 739 293 positorum
777 233 934 281 fumus
969 233 1180 279 remedio
1219 239 1304 295 est,
1342 234 1382 279 si
1418 247 1498 279 ore
1530 233 1678 280 hianti
1706 240 1754 280 et

156 302 371 349 faucibus
408 303 583 363 apertis
620 303 902 365 excipiatur3
940 304 1030 349 eici
1066 303 1191 349 enim
1229 308 1276 349 et
1313 302 1482 364 expelli
1510 302 1752 350 devoratas

72 383 126 420 96
158 373 463 433 sanguisugas
500 371 588 418 hac
626 373 806 418 ratione
844 373 1162 419 certissimum
1199 377 1283 419 est.
1344 372 1397 419 In
1428 387 1482 419 eo
1521 378 1666 436 aceto,
1703 374 1752 419 in

159 457 250 503 quo
288 443 421 504 prius
459 441 638 488 ferrum
676 442 861 488 fervens
900 443 961 488 sit
991 444 1265 505 extinctum,
1305 441 1524 504 butyrum
1556 444 1751 489 missum

158 519 204 559 et
241 511 516 558 calefactum
552 511 777 572 paulatim
815 513 855 558 si
892 511 1212 575 absorbeatur,
1251 513 1388 558 eiciet
1425 512 1481 559 de
1514 511 1752 558 stomacho
1774 524 1799 555 5

157 583 475 643 sanguisugas

71 660 124 698 97
297 651 366 698 Ad
391 646 873 711 stridorem'pectoris
896 651 1224 711 deponendum
1250 652 1434 712 senapis
1458 653 1630 712 optime
1654 652 1756 698 triti

157 719 347 782 cyathos
392 721 511 767 duos
556 726 603 767 et
643 720 795 767 mellis
833 722 998 782 optimi
1035 721 1298 782 despumati
1335 721 1551 782 cyathum
1589 723 1754 768 misce-

155 790 228 837 bis
267 797 315 837 et
350 792 538 837 ieiunus
577 790 651 837 die
690 790 838 837 calido
883 797 964 837 aut
1007 792 1055 837 in
1099 791 1202 838 loco
1247 791 1405 852 tepido
1443 790 1754 852 gargarizabis

156 867 204 907 et
242 862 368 907 sines
404 862 584 922 patenti
621 874 702 906 ore
739 875 952 907 umorem
990 860 1258 908 decurrere.
1777 873 1819 903 10

71 939 124 978 98
296 929 364 976 Ne
402 930 555 976 media
592 929 799 993 doleant,
843 930 951 977 luna
996 932 1194 992 septima
1238 930 1417 977 decima
1456 944 1641 992 semper
1679 929 1755 976 alii

155 1001 332 1047 incocti
367 1006 501 1046 terna
539 1014 682 1060 grana
717 1007 914 1061 purgata
950 1000 1234 1063 transglutti,
1270 1002 1388 1047 mire
1425 1000 1648 1062 proderit.

71 1079 123 1116 99
297 1069 548 1117 Corallium
592 1071 755 1116 tritum
801 1084 858 1116 ex
903 1084 1022 1131 aqua
1065 1071 1199 1130 potui
1244 1070 1402 1116 datum
1450 1071 1753 1116 reiectionem

156 1141 397 1200 sanguinis
427 1140 664 1202 reprimit3
693 1140 770 1186 cui
800 1141 870 1186 rei
900 1145 947 1186 et
970 1146 1214 1186 castaneae
1237 1139 1500 1201 medentur,
1532 1141 1572 1185 si
1595 1146 1754 1186 coctae

155 1224 294 1270 quam
332 1209 561 1270 plurimae
600 1208 955 1255 manducentur.
1778 1221 1819 1252 15

73 1288 152 1326 100
295 1279 364 1325 Ad
395 1285 574 1325 tussem
600 1277 860 1324 Vindiciani
886 1278 1058 1325 medici
1080 1278 1341 1325 remedium
1365 1278 1622 1339 singulare:
1654 1278 1757 1325 Sul-

154 1363 246 1410 pur
282 1350 438 1395 vivum
475 1354 601 1395 teres
640 1354 686 1394 et
715 1347 922 1394 involves
961 1348 1018 1394 de
1050 1350 1248 1409 axungia
1278 1350 1409 1409 porci
1440 1350 1756 1395 vetustissima

155 1424 203 1465 et
233 1417 378 1480 dabis,
409 1424 463 1464 ut
492 1418 813 1479 transgluttiat
845 1424 943 1464 tres
973 1417 1140 1479 pilulas
1170 1419 1321 1479 prima
1345 1418 1434 1480 die,
1467 1419 1670 1465 secunda
1700 1418 1756 1482 II,

153 1490 294 1535 tertia
338 1488 379 1551 13
423 1487 540 1534 tales
585 1494 741 1535 autem
784 1487 955 1549 pilulae
1001 1494 1163 1550 erunt,
1209 1494 1262 1534 ut
1299 1487 1432 1534 facile
1470 1491 1754 1535 transvorari

155 1559 358 1620 possint,
402 1558 492 1604 hoc
537 1557 798 1604 remedium
843 1559 981 1604 etiam
1029 1559 1164 1618 equis
1202 1557 1511 1604 tussientibus
1548 1558 1754 1619 prodest.
1779 1569 1819 1600 20

73 1636 150 1673 101
165 1627 234 1674 Ad
273 1634 451 1675 tussem
490 1627 752 1674 remedium
791 1627 974 1674 efficax:
1017 1627 1193 1690 Herba,
1236 1642 1354 1688 quae
1393 1627 1564 1674 Gallice
1603 1628 1759 1674 callio-

157 1712 367 1760 marcus,
411 1697 576 1744 Latine
615 1698 724 1758 equi
761 1696 935 1758 ungula
974 1703 1186 1759 vocatur,
1225 1696 1416 1743 collecta
1453 1697 1561 1743 luna
1600 1705 1757 1745 vetere

157 1767 316 1814 liduna
369 1767 443 1813 die
487 1767 608 1813 Iovis
661 1768 831 1813 siccata
876 1768 1007 1827 prius
1052 1768 1099 1812 in
1147 1766 1283 1814 ollam
1337 1781 1501 1813 novam
1554 1769 1758 1814 mittitur

158 1852 265 1883 cum
310 1838 478 1898 prunis
523 1835 819 1899 ardentibus,
872 1851 990 1897 quae
1042 1838 1164 1882 intra
1211 1836 1347 1882 ollam
1398 1838 1522 1883 mitti
1566 1837 1758 1901 debent,

159 1908 433 1968 superficies
471 1921 582 1953 sane
622 1907 723 1953 eius
761 1905 923 1967 argilla
961 1906 1209 1967 diligenter
1247 1906 1401 1953 claudi
1431 1901 1570 1953 debet
1607 1914 1654 1954 et
1684 1922 1755 1954 ca·
1781 1917 1821 1948 25

159 1976 309 2023 lamus
345 1978 512 2039 inseri,
550 1991 636 2037 per
675 1990 815 2037 quem
852 1990 989 2022 umor
1026 1976 1099 2022 vel
1130 1976 1286 2022 fumus
1318 1976 1485 2023 caloris
1515 1976 1758 2024 hauriatur

75 2048 288 2092 102intra
320 2061 386 2110 os,
417 2046 566 2093 donec
598 2047 770 2092 arteria
801 2047 954 2091 omnia
978 2051 1025 2092 et
1049 2046 1338 2092 stomachum
1363 2053 1592 2106 penetret.
1641 2046 1757 2093 Con-

159 2117 328 2177 positio
368 2116 423 2162 ad
462 2122 662 2162 tussem:
716 2114 866 2162 Mellis
911 2115 1173 2176 despumati
1211 2115 1259 2162 P.
1289 2114 1329 2178 I,
1373 2115 1530 2161 anethi
1567 2118 1758 2162 seminis

162 2211 222 2219 —
259 2185 347 2248 111,
380 2187 558 2247 piperis
595 2211 665 2218 —-
694 2184 727 2231 Ι.
800 2184 924 2231 Haec
963 2185 1316 2246 diligentissime
1354 2186 1461 2231 trita
1501 2186 1758 2232 miscentur

159 2255 307 2317 melli,
353 2261 426 2318 ut,
471 2270 578 2302 cum
625 2269 740 2301 usus
786 2256 1017 2316 exegerit,
1062 2255 1134 2301 bis
1171 2257 1219 2301 in
1258 2255 1331 2300 die
1370 2261 1501 2300 terna
1541 2255 1755 2302 cocliaria
1778 2266 1820 2296 30

162 2327 243 2386 qui
280 2327 403 2371 tussi
438 2324 668 2371 laborabit
706 2325 917 2384 accipiat.

77 2402 158 2440 103
303 2394 588 2456 Compositio
627 2394 877 2455 ecligmatii
914 2394 969 2440 ad
1007 2393 1274 2456 pulmonem
1313 2399 1587 2454 corruptum
1624 2409 1756 2455 repa-

159 2465 381 2511 randum:
445 2464 671 2510 Marrubii
723 2463 996 2510 fasciculum
1049 2478 1216 2524 unum,
1267 2463 1432 2524 hysopi
1484 2463 1757 2511 fasciculum

158 2548 318 2596 unum,
350 2534 666 2596 glycyrrhizae
688 2561 758 2567 —
781 2533 858 2596 III,
881 2534 965 2579 iris
987 2532 1197 2594 Illyricae
1222 2559 1287 2565 —
1314 2531 1389 2594 ΙΙΙ,
1411 2532 1565 2580 inulae
1590 2558 1654 2567 -
1680 2533 1756 2596 III,

297 2700 321 2737 8
352 2697 516 2748 cyatos.
595 2700 646 2737 10
676 2709 889 2739 umurem.
967 2699 1018 2738 18
1049 2693 1387 2747 transglutticat
1417 2695 1526 2748 (sic).
1601 2700 1653 2736 27
1685 2708 1756 2737 ar—

154 2750 311 2793 teriam
345 2764 518 2793 omnem
551 2751 802 2794 Gornarz'us.
920 2755 973 2792 32
1005 2750 1237 2805 eligmatii.
1356 2754 1409 2791 34
1438 2751 1697 2804 glycerizae.
