1898 3016
88 927 137 965 11

89 1415 139 1453 12

92 1629 141 1667 13

95 2046 146 2083 14

95 2463 146 2500 15

794 93 1131 144 „28-

167 224 299 271 lauro
344 224 547 283 incocta;
601 235 692 282 quo
747 227 957 282 tempore
1002 223 1139 267 etiam
1186 226 1610 269 sternutamentum
1655 237 1763 269 con-

169 295 314 340 citare
365 306 460 338 non
511 290 712 337 alienum
751 293 841 338 erit
884 291 972 337 hoc
1017 290 1375 353 medicamento,
1421 292 1544 353 quod
1589 306 1645 338 ex
1689 292 1764 338 his

168 362 312 410 rebus
343 361 645 422 conponitur:
683 359 866 407 Veratri
897 360 1002 423 albi,
1041 361 1254 423 castorei,
1293 361 1495 424 struthii,
1534 362 1657 423 quod
1692 369 1765 409 est

167 432 299 479 radix
337 431 532 493 lanaria,
568 431 744 491 piperis
783 429 895 492 albi,
941 429 1230 491 singulorum
1269 428 1308 475 X
1346 431 1567 491 singulos.
1640 430 1764 478 Haec

169 507 365 549 contusa
409 501 615 547 tenuiter
659 500 809 546 forato
855 498 1010 546 cribro
1057 501 1454 564 transmittantur3
1500 515 1607 547 cum
1644 512 1808 562 opus5

170 572 333 632 fuerit,
377 585 463 631 per
499 571 690 630 pinnam
737 576 817 616 aut
862 568 1087 616 calamum
1126 570 1427 630 scriptorium
1464 570 1656 617 naribus
1694 573 1763 617 in-

171 640 420 688 sufflentur
464 639 537 685 vel
581 638 774 700 specillo
820 641 966 686 tincto
1014 641 1063 685 in
1100 653 1217 701 aqua
1256 646 1302 686 et
1339 653 1535 686 excusso
1573 640 1765 687 naribus

169 712 440 757 iniciuntur.
503 708 720 756 Proderit
758 714 914 756 autem
951 709 1005 755 ad
1045 715 1469 756 sternutamentum
1505 711 1644 756 etiam
1681 725 1766 771 per

172 795 221 827 se
268 786 515 827 contusum
560 786 606 826 et
643 778 804 826 eadem
842 780 1021 826 ratione
1058 780 1285 825 iniectum
1322 785 1558 826 veratrum
1596 780 1766 843 album,

169 850 375 911 linguam
414 850 537 895 enim
577 851 747 896 siccam
779 853 826 895 et
856 848 1031 894 aridam
1062 848 1339 895 sternutatio
1371 850 1527 895 statim
1556 850 1764 896 inundat.
1789 861 1830 892 10

171 919 345 981 Capitis
382 918 590 965 dolorem
629 920 839 980 quamvis
870 924 1074 964 veterem
1106 924 1152 964 et
1181 917 1520 965 intolerabilem
1551 921 1767 980 protinus

171 989 292 1037 tollit
337 990 461 1036 etin
507 995 788 1050 perpetuum
833 988 1059 1034 remediat
1095 988 1291 1048 torpedo
1330 989 1463 1048 nigra
1499 989 1600 1035 viva
1637 991 1767 1050 inpo-

172 1060 259 1106 sita
304 1061 348 1105 ei
391 1058 515 1120 loco,
561 1059 642 1119 qui
686 1061 735 1105 in
782 1057 941 1104 dolore
989 1063 1080 1119 est,
1127 1057 1275 1104 donec
1321 1056 1502 1103 desinat
1547 1058 1679 1104 dolor
1723 1065 1770 1105 et

172 1129 469 1190 obtorpescat
507 1141 559 1173 ea
589 1142 721 1189 pars3
759 1127 884 1189 quod
916 1141 1023 1173 cum
1052 1128 1256 1187 primum
1287 1128 1488 1174 senserit
1520 1129 1600 1189 qui
1631 1127 1769 1190 dolet,

170 1204 467 1245 removeatur
518 1197 799 1259 remedium,
852 1211 911 1243 ne
963 1209 1130 1242 sensus
1176 1197 1416 1243 auferatur
1461 1197 1562 1243 eius
1608 1199 1767 1258 partis.
1791 1209 1834 1241 15

173 1268 339 1316 Plures
385 1272 540 1314 autem
584 1267 815 1327 parandae
861 1271 971 1312 sunt
1006 1264 1278 1326 torpedines
1323 1267 1534 1313 eiusdem
1571 1269 1772 1330 generis,

172 1340 280 1400 quia
324 1351 675 1397 nonnumquam
722 1338 796 1382 vix
841 1335 896 1382 ad
936 1335 1050 1382 duas
1095 1340 1248 1381 tresve
1286 1336 1541 1396 respondet
1577 1339 1771 1400 curatio,

171 1409 219 1455 id
258 1413 544 1468 esttorpor,
583 1406 706 1467 quod
745 1408 929 1467 signum
968 1411 1040 1451 est
1077 1405 1439 1452 remediationis.
1498 1404 1567 1452 Ad
1606 1407 1772 1467 capitis

172 1477 379 1525 dolorem
426 1477 602 1522 factum
639 1490 695 1521 ex
732 1477 1005 1536 perustione
1042 1474 1234 1534 prodest
1272 1488 1405 1521 rosae
1443 1475 1592 1522 bonae
1630 1491 1772 1523 sucus

171 1547 356 1594 infusus
395 1547 549 1607 capiti,
588 1545 670 1591 sed
708 1560 815 1592 curn
853 1559 966 1591 suco
1004 1543 1060 1590 de
1092 1545 1235 1590 moris
1267 1545 1387 1590 facto
1418 1545 1520 1605 pari
1549 1560 1769 1592 mensura
1794 1557 1838 1588 20

173 1618 392 1664 admixto,
450 1615 517 1661 Ad
561 1616 726 1675 capitis
765 1614 972 1661 dolorem
1010 1613 1182 1659 factum
1222 1628 1277 1659 ex
1314 1616 1619 1675 perfrictione
1658 1618 1771 1662 satis

173 1687 364 1748 prodest
391 1684 545 1731 oleum
568 1685 744 1731 irinum
767 1698 874 1731 cum
898 1682 1102 1743 serpullo
1127 1688 1173 1729 et
1197 1684 1363 1744 exiguo
1388 1690 1519 1731 aceto
1543 1685 1772 1748 infusum3

172 1758 320 1818 magis
344 1761 515 1816 autem,
538 1755 579 1800 si
602 1761 681 1801 aut
703 1754 836 1800 iridis
859 1754 990 1800 radix
1007 1757 1086 1799 aut
1100 1753 1358 1813 peucedani
1376 1768 1516 1801 sucus
1533 1754 1772 1815 prioribus

173 1826 406 1873 admixtus
443 1824 598 1871 fuerit.
657 1823 856 1870 Prodest
893 1829 939 1870 et
968 1828 1074 1869 ruta
1106 1837 1212 1869 cum
1243 1822 1343 1869 oleo
1374 1825 1495 1870 irino
1528 1830 1574 1869 et
1604 1827 1772 1886 exiguo

174 1902 304 1943 aceto
339 1900 471 1942 cocta
509 1900 555 1940 et
592 1893 748 1954 tepide
778 1894 931 1939 infusa
963 1893 1102 1953 capiti
1133 1905 1219 1939 nec
1251 1894 1405 1939 minus
1434 1900 1635 1954 prosunt
1665 1895 1771 1941 folia
1795 1904 1836 1936 25

173 1965 294 2012 lauri
332 1979 439 2011 cum
475 1965 597 2009 irino
636 1963 737 2009 oleo
776 1968 823 2009 et
857 1965 1023 2023 exiguo
1056 1968 1187 2008 aceto
1220 1963 1327 2008 trita
1359 1969 1405 2009 et
1434 1963 1588 2009 infusa
1618 1965 1770 2024 capiti

177 2035 246 2082 Ad
285 2035 451 2095 capitis
490 2033 696 2079 dolorem
735 2033 908 2079 factum
946 2047 1002 2079 ex
1040 2034 1145 2078 vino
1180 2033 1324 2078 nimio
1355 2039 1553 2092 prosunt
1585 2033 1771 2094 quidem

176 2111 222 2151 et
261 2119 327 2167 ea,
367 2117 484 2164 quae
521 2102 722 2148 diximus
760 2102 990 2163 proficere
1028 2102 1084 2148 ad
1116 2103 1278 2162 capitis
1310 2101 1516 2148 dolorem
1549 2117 1603 2148 ex
1634 2117 1772 2163 peru-

177 2176 327 2221 stione
365 2173 557 2220 factum:
595 2179 793 2232 prosunt
832 2178 877 2218 et
915 2177 1047 2218 rutae
1086 2170 1191 2217 folia
1228 2172 1335 2217 trita
1374 2186 1480 2217 cum
1511 2177 1656 2234 acet0,
1696 2173 1771 2218 ad-

175 2246 318 2290 mixta
356 2244 423 2289 eis
462 2256 582 2304 rosa,
620 2248 666 2288 et
703 2256 848 2288 nuces
883 2255 1063 2287 amarae
1095 2240 1258 2286 eodem
1289 2241 1437 2287 modo.
1498 2240 1696 2288 Faciunt
1726 2248 1772 2288 et
1794 2253 1838 2283 30

177 2316 283 2374 agni
322 2312 442 2375 folia,
482 2326 599 2372 quae
637 2317 897 2358 nascuntur
934 2312 981 2357 in
1022 2309 1248 2373 virgultiS,
1287 2309 1457 2371 quibus
1489 2310 1654 2357 Graeci
1683 2326 1768 2372 pro

176 2382 427 2429 viminibus
473 2386 672 2428 utuntur
726 2380 980 2441 eademque
1022 2379 1167 2442 lygus-
1192 2379 1444 2443 appellant,
1488 2394 1594 2426 cum
1639 2381 1772 2427 iridis

178 2452 333 2499 aridae
371 2451 526 2497 radice
565 2453 674 2496 trita
711 2451 854 2496 mixta
893 2452 960 2496 eis
999 2464 1103 2495 rosa
1135 2454 1273 2509 atque
1306 2456 1448 2495 aceto.
1507 2449 1575 2495 Ad
1608 2452 1772 2511 capitis

178 2521 382 2568 dolorem
430 2521 604 2567 factum
649 2534 704 2566 ex
742 2521 839 2565 ictu
877 2526 957 2565 aut
994 2533 1104 2565 casu
1143 2532 1166 2564 e
1206 2517 1393 2564 sublimi
1438 2519 1630 2579 prodest
1666 2534 1773 2566 rosa

289 2630 313 2667 3
344 2624 542 2679 struthii]
572 2625 785 2679 pyrethri.
868 2629 890 2667 7
923 2625 1107 2679 spicillo.
1192 2629 1241 2666 13
1274 2624 1436 2666 dolore.
1546 2629 1597 2666 16
1627 2626 1772 2678 turpe-

176 2683 313 2725 dines.
405 2686 454 2723 19
485 2682 796 2735 perustionem.
885 2685 936 2722 29
967 2679 1082 2722 irita.
1171 2684 1222 2721 31
1254 2679 1396 2722 hacni.
1478 2683 1532 2721 34
1562 2681 1639 2722 aut
1669 2693 1772 2722 casu

175 2751 306 2783 eom.
