<?xml version="1.0" encoding="UTF-8"?>
<!DOCTYPE html PUBLIC "-//W3C//DTD XHTML 1.0 Transitional//EN"
    "http://www.w3.org/TR/xhtml1/DTD/xhtml1-transitional.dtd">
<html xmlns="http://www.w3.org/1999/xhtml" xml:lang="en" lang="en">
 <head>
  <title>
</title>
<meta http-equiv="Content-Type" content="text/html;charset=utf-8" />
  <meta name='ocr-system' content='tesseract 3.04.00' />
  <meta name='ocr-capabilities' content='ocr_page ocr_carea ocr_par ocr_line ocrx_word'/>
</head>
<body>
  <div class='ocr_page' id='page_1' title='image "./demedicamentisli00marcuoft_0133.png"; bbox 0 0 1898 3016; ppageno 0'>
   <div class='ocr_carea' id='block_1_1' title="bbox 762 105 1140 155">
    <p class='ocr_par' dir='ltr' id='par_1_1' title="bbox 762 105 1140 155">
     <span class='ocr_line' id='line_1_1' title="bbox 762 105 1140 155; baseline 0 0"><span class='ocrx_word' id='word_1_1' title='bbox 762 105 1140 155; x_wconf 82' lang='lat'>—121—</span> 
     </span>
    </p>
   </div>
   <div class='ocr_carea' id='block_1_2' title="bbox 90 232 1838 2590">
    <p class='ocr_par' dir='ltr' id='par_1_2' title="bbox 111 232 1801 852">
     <span class='ocr_line' id='line_1_2' title="bbox 153 232 1743 295; baseline 0 -15"><span class='ocrx_word' id='word_1_2' title='bbox 153 235 269 280; x_wconf 88' lang='lat' dir='ltr'><strong>riam</strong></span> <span class='ocrx_word' id='word_1_3' title='bbox 301 234 342 280; x_wconf 94' lang='lat' dir='ltr'><strong>si</strong></span> <span class='ocrx_word' id='word_1_4' title='bbox 365 234 469 294; x_wconf 89' lang='lat' dir='ltr'><strong>quis</strong></span> <span class='ocrx_word' id='word_1_5' title='bbox 500 232 855 280; x_wconf 89' lang='lat' dir='ltr'><strong>commanducet</strong></span> <span class='ocrx_word' id='word_1_6' title='bbox 884 239 932 279; x_wconf 92' lang='lat' dir='ltr'><strong>et</strong></span> <span class='ocrx_word' id='word_1_7' title='bbox 961 232 1160 279; x_wconf 85' lang='lat' dir='ltr'>subinde</span> <span class='ocrx_word' id='word_1_8' title='bbox 1190 234 1420 295; x_wconf 80' lang='lat' dir='ltr'>pituitam,</span> <span class='ocrx_word' id='word_1_9' title='bbox 1449 234 1496 280; x_wconf 94' lang='lat' dir='ltr'><strong>id</strong></span> <span class='ocrx_word' id='word_1_10' title='bbox 1521 240 1593 280; x_wconf 90' lang='lat' dir='ltr'><strong>est</strong></span> <span class='ocrx_word' id='word_1_11' title='bbox 1615 247 1743 280; x_wconf 91' lang='lat' dir='ltr'><strong>umo-</strong></span> 
     </span>
     <span class='ocr_line' id='line_1_3' title="bbox 153 302 1743 364; baseline 0 -15"><span class='ocrx_word' id='word_1_12' title='bbox 153 317 252 350; x_wconf 85' lang='lat' dir='ltr'><strong>rem</strong></span> <span class='ocrx_word' id='word_1_13' title='bbox 289 304 501 360; x_wconf 86' lang='lat' dir='ltr'><strong>noxium,</strong></span> <span class='ocrx_word' id='word_1_14' title='bbox 547 309 738 364; x_wconf 85' lang='lat' dir='ltr'><strong>expuat,</strong></span> <span class='ocrx_word' id='word_1_15' title='bbox 782 302 854 349; x_wconf 89' lang='lat' dir='ltr'><strong>vel</strong></span> <span class='ocrx_word' id='word_1_16' title='bbox 897 302 1135 349; x_wconf 89' lang='lat' dir='ltr'><strong>marrubio</strong></span> <span class='ocrx_word' id='word_1_17' title='bbox 1174 304 1298 349; x_wconf 92' lang='lat' dir='ltr'><strong>sicco</strong></span> <span class='ocrx_word' id='word_1_18' title='bbox 1337 309 1535 350; x_wconf 89' lang='lat' dir='ltr'><strong>contuso</strong></span> <span class='ocrx_word' id='word_1_19' title='bbox 1573 310 1620 350; x_wconf 91' lang='lat' dir='ltr'><strong>et</strong></span> <span class='ocrx_word' id='word_1_20' title='bbox 1656 305 1743 350; x_wconf 91' lang='lat' dir='ltr'><strong>cri-</strong></span> 
     </span>
     <span class='ocr_line' id='line_1_4' title="bbox 153 371 1798 435; baseline 0.001 -16"><span class='ocrx_word' id='word_1_21' title='bbox 153 371 296 435; x_wconf 86' lang='lat' dir='ltr'><strong>blato,</strong></span> <span class='ocrx_word' id='word_1_22' title='bbox 334 373 374 418; x_wconf 92' lang='lat' dir='ltr'><strong>si</strong></span> <span class='ocrx_word' id='word_1_23' title='bbox 412 374 517 434; x_wconf 91' lang='lat' dir='ltr'><strong>quis</strong></span> <span class='ocrx_word' id='word_1_24' title='bbox 555 372 742 419; x_wconf 84' lang='lat' dir='ltr'><strong>dentem</strong></span> <span class='ocrx_word' id='word_1_25' title='bbox 781 387 886 419; x_wconf 92' lang='lat' dir='ltr'><strong>cum</strong></span> <span class='ocrx_word' id='word_1_26' title='bbox 926 373 1125 433; x_wconf 90' lang='lat' dir='ltr'><strong>gingivis</strong></span> <span class='ocrx_word' id='word_1_27' title='bbox 1162 379 1301 434; x_wconf 87' lang='lat' dir='ltr'><strong>tegat.</strong></span> <span class='ocrx_word' id='word_1_28' title='bbox 1375 372 1503 419; x_wconf 81' lang='lat' dir='ltr'><strong>Facit</strong></span> <span class='ocrx_word' id='word_1_29' title='bbox 1541 372 1660 419; x_wconf 90' lang='lat' dir='ltr'><strong>bene</strong></span> <span class='ocrx_word' id='word_1_30' title='bbox 1698 379 1745 419; x_wconf 89' lang='lat' dir='ltr'><strong>et</strong></span> <span class='ocrx_word' id='word_1_31' title='bbox 1775 383 1798 421; x_wconf 83' lang='grc'><strong>7</strong></span> 
     </span>
     <span class='ocr_line' id='line_1_5' title="bbox 153 441 1744 504; baseline 0.001 -16"><span class='ocrx_word' id='word_1_32' title='bbox 153 456 285 504; x_wconf 91' lang='lat' dir='ltr'><strong>aqua,</strong></span> <span class='ocrx_word' id='word_1_33' title='bbox 321 443 369 487; x_wconf 92' lang='lat' dir='ltr'><strong>in</strong></span> <span class='ocrx_word' id='word_1_34' title='bbox 408 456 498 502; x_wconf 89' lang='lat' dir='ltr'><strong>qua</strong></span> <span class='ocrx_word' id='word_1_35' title='bbox 537 441 828 488; x_wconf 86' lang='lat' dir='ltr'><strong>marrubium</strong></span> <span class='ocrx_word' id='word_1_36' title='bbox 866 448 1050 489; x_wconf 88' lang='lat' dir='ltr'><strong>coctum</strong></span> <span class='ocrx_word' id='word_1_37' title='bbox 1089 451 1173 502; x_wconf 92' lang='lat' dir='ltr'><strong>est,</strong></span> <span class='ocrx_word' id='word_1_38' title='bbox 1211 456 1318 489; x_wconf 92' lang='lat' dir='ltr'><strong>cum</strong></span> <span class='ocrx_word' id='word_1_39' title='bbox 1355 456 1408 488; x_wconf 90' lang='lat' dir='ltr'><strong>os</strong></span> <span class='ocrx_word' id='word_1_40' title='bbox 1439 442 1606 503; x_wconf 89' lang='lat' dir='ltr'><strong>aliquis</strong></span> <span class='ocrx_word' id='word_1_41' title='bbox 1636 442 1744 489; x_wconf 89' lang='lat' dir='ltr'><strong>inde</strong></span> 
     </span>
     <span class='ocr_line' id='line_1_6' title="bbox 111 510 1745 573; baseline 0 -15"><span class='ocrx_word' id='word_1_42' title='bbox 111 510 390 573; x_wconf 64' lang='lat' dir='ltr'><strong>scolluerit3</strong></span> <span class='ocrx_word' id='word_1_43' title='bbox 435 512 550 558; x_wconf 90' lang='lat' dir='ltr'><strong>item</strong></span> <span class='ocrx_word' id='word_1_44' title='bbox 587 511 859 558; x_wconf 87' lang='lat' dir='ltr'><strong>milesolium</strong></span> <span class='ocrx_word' id='word_1_45' title='bbox 897 511 1332 558; x_wconf 80' lang='lat' dir='ltr'><strong>commanducatum</strong></span> <span class='ocrx_word' id='word_1_46' title='bbox 1380 511 1450 557; x_wconf 91' lang='lat' dir='ltr'><strong>vel</strong></span> <span class='ocrx_word' id='word_1_47' title='bbox 1494 526 1745 558; x_wconf 92' lang='lat' dir='ltr'><strong>anemones</strong></span> 
     </span>
     <span class='ocr_line' id='line_1_7' title="bbox 152 580 1745 642; baseline 0 -15"><span class='ocrx_word' id='word_1_48' title='bbox 152 580 324 627; x_wconf 82' lang='lat' dir='ltr'><strong>herbae</strong></span> <span class='ocrx_word' id='word_1_49' title='bbox 361 580 491 627; x_wconf 84' lang='lat' dir='ltr'><strong>radix</strong></span> <span class='ocrx_word' id='word_1_50' title='bbox 530 595 635 627; x_wconf 90' lang='lat' dir='ltr'><strong>cum</strong></span> <span class='ocrx_word' id='word_1_51' title='bbox 675 582 776 641; x_wconf 88' lang='lat' dir='ltr'><strong>pari</strong></span> <span class='ocrx_word' id='word_1_52' title='bbox 812 581 1019 642; x_wconf 91' lang='lat' dir='ltr'><strong>pondere</strong></span> <span class='ocrx_word' id='word_1_53' title='bbox 1063 582 1141 628; x_wconf 89' lang='lat' dir='ltr'><strong>fici</strong></span> <span class='ocrx_word' id='word_1_54' title='bbox 1185 582 1566 628; x_wconf 88' lang='lat' dir='ltr'><strong>commanducata</strong></span> <span class='ocrx_word' id='word_1_55' title='bbox 1605 583 1745 642; x_wconf 92' lang='lat' dir='ltr'><strong>pitui-</strong></span> 
     </span>
     <span class='ocr_line' id='line_1_8' title="bbox 153 649 1801 698; baseline 0.001 -1"><span class='ocrx_word' id='word_1_56' title='bbox 153 659 247 698; x_wconf 91' lang='lat' dir='ltr'><strong>tam</strong></span> <span class='ocrx_word' id='word_1_57' title='bbox 277 650 483 697; x_wconf 89' lang='lat' dir='ltr'><strong>dentium</strong></span> <span class='ocrx_word' id='word_1_58' title='bbox 517 649 732 696; x_wconf 81' lang='lat' dir='ltr'><strong>detrahit.</strong></span> <span class='ocrx_word' id='word_1_59' title='bbox 777 649 981 697; x_wconf 88' lang='lat' dir='ltr'><strong>Cornum</strong></span> <span class='ocrx_word' id='word_1_60' title='bbox 1012 652 1252 698; x_wconf 89' lang='lat' dir='ltr'><strong>cervinum</strong></span> <span class='ocrx_word' id='word_1_61' title='bbox 1276 650 1558 697; x_wconf 91' lang='lat' dir='ltr'><strong>conbustum</strong></span> <span class='ocrx_word' id='word_1_62' title='bbox 1581 653 1746 697; x_wconf 91' lang='lat' dir='ltr'><strong>tritum</strong></span> <span class='ocrx_word' id='word_1_63' title='bbox 1775 661 1801 698; x_wconf 91' lang='lat'>8</span> 
     </span>
     <span class='ocr_line' id='line_1_9' title="bbox 154 719 1798 782; baseline 0.001 -16"><span class='ocrx_word' id='word_1_64' title='bbox 154 734 259 766; x_wconf 92' lang='lat' dir='ltr'><strong>cum</strong></span> <span class='ocrx_word' id='word_1_65' title='bbox 297 727 427 767; x_wconf 87' lang='lat' dir='ltr'><strong>aceto</strong></span> <span class='ocrx_word' id='word_1_66' title='bbox 459 719 677 766; x_wconf 87' lang='lat' dir='ltr'><strong>dentibus</strong></span> <span class='ocrx_word' id='word_1_67' title='bbox 707 719 972 781; x_wconf 89' lang='lat' dir='ltr'><strong>adpositum</strong></span> <span class='ocrx_word' id='word_1_68' title='bbox 1001 720 1206 781; x_wconf 88' lang='lat' dir='ltr'><strong>prodest.</strong></span> <span class='ocrx_word' id='word_1_69' title='bbox 1254 719 1402 767; x_wconf 87' lang='lat' dir='ltr'><strong>Radix</strong></span> <span class='ocrx_word' id='word_1_70' title='bbox 1432 720 1606 782; x_wconf 87' lang='lat' dir='ltr'><strong>lapathi</strong></span> <span class='ocrx_word' id='word_1_71' title='bbox 1637 735 1745 767; x_wconf 90' lang='lat' dir='ltr'><strong>cum</strong></span> <span class='ocrx_word' id='word_1_72' title='bbox 1774 731 1798 768; x_wconf 85' lang='lat'>9</span> 
     </span>
     <span class='ocr_line' id='line_1_10' title="bbox 153 789 1745 852; baseline 0.001 -17"><span class='ocrx_word' id='word_1_73' title='bbox 153 790 258 835; x_wconf 89' lang='lat' dir='ltr'><strong>vino</strong></span> <span class='ocrx_word' id='word_1_74' title='bbox 304 796 435 836; x_wconf 91' lang='lat' dir='ltr'><strong>cocta</strong></span> <span class='ocrx_word' id='word_1_75' title='bbox 478 789 551 835; x_wconf 89' lang='lat' dir='ltr'><strong>vel</strong></span> <span class='ocrx_word' id='word_1_76' title='bbox 594 789 727 835; x_wconf 89' lang='lat' dir='ltr'><strong>taeda</strong></span> <span class='ocrx_word' id='word_1_77' title='bbox 770 790 958 851; x_wconf 90' lang='lat' dir='ltr'><strong>pinguis</strong></span> <span class='ocrx_word' id='word_1_78' title='bbox 1002 791 1185 836; x_wconf 90' lang='lat' dir='ltr'><strong>incocta</strong></span> <span class='ocrx_word' id='word_1_79' title='bbox 1222 796 1353 836; x_wconf 87' lang='lat' dir='ltr'><strong>aceto</strong></span> <span class='ocrx_word' id='word_1_80' title='bbox 1391 790 1464 836; x_wconf 87' lang='lat' dir='ltr'><strong>vel</strong></span> <span class='ocrx_word' id='word_1_81' title='bbox 1502 792 1745 852; x_wconf 90' lang='lat' dir='ltr'><strong>papaveris</strong></span> 
     </span>
    </p>

    <p class='ocr_par' dir='ltr' id='par_1_3' title="bbox 90 858 1748 1200">
     <span class='ocr_line' id='line_1_11' title="bbox 90 858 1747 920; baseline 0.001 -15"><span class='ocrx_word' id='word_1_82' title='bbox 90 881 132 912; x_wconf 80' lang='lat'><strong>10</strong></span> <span class='ocrx_word' id='word_1_83' title='bbox 153 860 304 920; x_wconf 89' lang='lat' dir='ltr'><strong>capita</strong></span> <span class='ocrx_word' id='word_1_84' title='bbox 348 865 395 905; x_wconf 87' lang='lat' dir='ltr'><strong>et</strong></span> <span class='ocrx_word' id='word_1_85' title='bbox 439 864 599 905; x_wconf 83' lang='lat' dir='ltr'><strong>cortex</strong></span> <span class='ocrx_word' id='word_1_86' title='bbox 647 858 754 905; x_wconf 92' lang='lat' dir='ltr'><strong>mali</strong></span> <span class='ocrx_word' id='word_1_87' title='bbox 799 858 963 905; x_wconf 89' lang='lat' dir='ltr'><strong>Punici</strong></span> <span class='ocrx_word' id='word_1_88' title='bbox 1007 861 1108 920; x_wconf 90' lang='lat' dir='ltr'><strong>pari</strong></span> <span class='ocrx_word' id='word_1_89' title='bbox 1151 860 1357 920; x_wconf 85' lang='lat' dir='ltr'><strong>pondere</strong></span> <span class='ocrx_word' id='word_1_90' title='bbox 1406 861 1512 906; x_wconf 91' lang='lat' dir='ltr'><strong>vino</strong></span> <span class='ocrx_word' id='word_1_91' title='bbox 1563 861 1747 906; x_wconf 91' lang='lat' dir='ltr'><strong>incocta</strong></span> 
     </span>
     <span class='ocr_line' id='line_1_12' title="bbox 152 928 1745 990; baseline 0 -16"><span class='ocrx_word' id='word_1_92' title='bbox 152 928 225 974; x_wconf 87' lang='lat' dir='ltr'><strong>vel</strong></span> <span class='ocrx_word' id='word_1_93' title='bbox 261 928 505 990; x_wconf 83' lang='lat' dir='ltr'><strong>tithymalli</strong></span> <span class='ocrx_word' id='word_1_94' title='bbox 541 928 673 974; x_wconf 86' lang='lat' dir='ltr'><strong>radix</strong></span> <span class='ocrx_word' id='word_1_95' title='bbox 710 928 923 975; x_wconf 89' lang='lat' dir='ltr'><strong>similiter</strong></span> <span class='ocrx_word' id='word_1_96' title='bbox 961 943 1069 975; x_wconf 90' lang='lat' dir='ltr'><strong>cum</strong></span> <span class='ocrx_word' id='word_1_97' title='bbox 1105 931 1211 975; x_wconf 88' lang='lat' dir='ltr'><strong>vino</strong></span> <span class='ocrx_word' id='word_1_98' title='bbox 1253 935 1385 976; x_wconf 90' lang='lat' dir='ltr'><strong>cocta</strong></span> <span class='ocrx_word' id='word_1_99' title='bbox 1422 929 1496 975; x_wconf 90' lang='lat' dir='ltr'><strong>vel</strong></span> <span class='ocrx_word' id='word_1_100' title='bbox 1533 929 1745 990; x_wconf 93' lang='lat' dir='ltr'><strong>colocyn-</strong></span> 
     </span>
     <span class='ocr_line' id='line_1_13' title="bbox 153 997 1747 1059; baseline 0.001 -15"><span class='ocrx_word' id='word_1_101' title='bbox 153 997 306 1044; x_wconf 91' lang='lat' dir='ltr'><strong>thidos</strong></span> <span class='ocrx_word' id='word_1_102' title='bbox 338 999 561 1045; x_wconf 89' lang='lat' dir='ltr'><strong>interiora</strong></span> <span class='ocrx_word' id='word_1_103' title='bbox 592 1012 699 1044; x_wconf 91' lang='lat' dir='ltr'><strong>cum</strong></span> <span class='ocrx_word' id='word_1_104' title='bbox 729 998 847 1045; x_wconf 91' lang='lat' dir='ltr'><strong>lacte</strong></span> <span class='ocrx_word' id='word_1_105' title='bbox 878 1004 926 1044; x_wconf 92' lang='lat' dir='ltr'><strong>et</strong></span> <span class='ocrx_word' id='word_1_106' title='bbox 952 1004 1083 1044; x_wconf 90' lang='lat' dir='ltr'><strong>aceto</strong></span> <span class='ocrx_word' id='word_1_107' title='bbox 1106 1000 1209 1059; x_wconf 91' lang='lat' dir='ltr'><strong>pari</strong></span> <span class='ocrx_word' id='word_1_108' title='bbox 1231 1013 1451 1045; x_wconf 89' lang='lat' dir='ltr'><strong>mensura</strong></span> <span class='ocrx_word' id='word_1_109' title='bbox 1474 1000 1584 1045; x_wconf 88' lang='lat' dir='ltr'><strong>trita</strong></span> <span class='ocrx_word' id='word_1_110' title='bbox 1608 1005 1747 1059; x_wconf 89' lang='lat' dir='ltr'><strong>atque</strong></span> 
     </span>
     <span class='ocr_line' id='line_1_14' title="bbox 152 1067 1748 1129; baseline 0.001 -16"><span class='ocrx_word' id='word_1_111' title='bbox 152 1068 380 1128; x_wconf 89' lang='lat' dir='ltr'><strong>permixta</strong></span> <span class='ocrx_word' id='word_1_112' title='bbox 423 1067 496 1114; x_wconf 88' lang='lat' dir='ltr'><strong>vel</strong></span> <span class='ocrx_word' id='word_1_113' title='bbox 539 1067 700 1114; x_wconf 89' lang='lat' dir='ltr'><strong>alterci</strong></span> <span class='ocrx_word' id='word_1_114' title='bbox 744 1068 875 1114; x_wconf 84' lang='lat' dir='ltr'><strong>radix</strong></span> <span class='ocrx_word' id='word_1_115' title='bbox 919 1082 1025 1114; x_wconf 91' lang='lat' dir='ltr'><strong>cum</strong></span> <span class='ocrx_word' id='word_1_116' title='bbox 1071 1075 1202 1115; x_wconf 91' lang='lat' dir='ltr'><strong>aceto</strong></span> <span class='ocrx_word' id='word_1_117' title='bbox 1248 1074 1380 1115; x_wconf 86' lang='lat' dir='ltr'><strong>cocta</strong></span> <span class='ocrx_word' id='word_1_118' title='bbox 1425 1068 1497 1115; x_wconf 91' lang='lat' dir='ltr'><strong>vel</strong></span> <span class='ocrx_word' id='word_1_119' title='bbox 1535 1070 1748 1129; x_wconf 91' lang='lat' dir='ltr'><strong>capparis</strong></span> 
     </span>
     <span class='ocr_line' id='line_1_15' title="bbox 153 1137 1748 1200; baseline 0 -17"><span class='ocrx_word' id='word_1_120' title='bbox 153 1138 284 1183; x_wconf 88' lang='lat' dir='ltr'><strong>radix</strong></span> <span class='ocrx_word' id='word_1_121' title='bbox 321 1143 453 1184; x_wconf 90' lang='lat' dir='ltr'><strong>cocta</strong></span> <span class='ocrx_word' id='word_1_122' title='bbox 484 1152 590 1184; x_wconf 92' lang='lat' dir='ltr'><strong>cum</strong></span> <span class='ocrx_word' id='word_1_123' title='bbox 620 1143 750 1183; x_wconf 90' lang='lat' dir='ltr'><strong>aceto</strong></span> <span class='ocrx_word' id='word_1_124' title='bbox 780 1145 938 1184; x_wconf 87' lang='lat' dir='ltr'><strong>vetere</strong></span> <span class='ocrx_word' id='word_1_125' title='bbox 968 1137 1041 1183; x_wconf 88' lang='lat' dir='ltr'><strong>vel</strong></span> <span class='ocrx_word' id='word_1_126' title='bbox 1070 1139 1199 1184; x_wconf 90' lang='lat' dir='ltr'><strong>iunci</strong></span> <span class='ocrx_word' id='word_1_127' title='bbox 1228 1138 1374 1200; x_wconf 87' lang='lat' dir='ltr'><strong>radix,</strong></span> <span class='ocrx_word' id='word_1_128' title='bbox 1412 1153 1551 1199; x_wconf 92' lang='lat' dir='ltr'><strong>quam</strong></span> <span class='ocrx_word' id='word_1_129' title='bbox 1582 1137 1748 1184; x_wconf 89' lang='lat' dir='ltr'><strong>Graeci</strong></span> 
     </span>
    </p>

    <p class='ocr_par' dir='ltr' id='par_1_4' title="bbox 90 1206 1832 1547">
     <span class='ocr_line' id='line_1_16' title="bbox 90 1206 1749 1269; baseline 0 -16"><span class='ocrx_word' id='word_1_130' title='bbox 90 1227 132 1258; x_wconf 79' lang='lat'><strong>15</strong></span> <span class='ocrx_word' id='word_1_131' title='bbox 154 1221 356 1268; x_wconf 84' lang='lat' dir='ltr'><strong>cyperon</strong></span> <span class='ocrx_word' id='word_1_132' title='bbox 381 1207 625 1269; x_wconf 91' lang='lat' dir='ltr'><strong>appellant,</strong></span> <span class='ocrx_word' id='word_1_133' title='bbox 655 1207 727 1253; x_wconf 91' lang='lat' dir='ltr'><strong>vel</strong></span> <span class='ocrx_word' id='word_1_134' title='bbox 754 1206 1025 1253; x_wconf 87' lang='lat' dir='ltr'><strong>cucurbitae</strong></span> <span class='ocrx_word' id='word_1_135' title='bbox 1047 1207 1192 1269; x_wconf 87' lang='lat' dir='ltr'><strong>radix,</strong></span> <span class='ocrx_word' id='word_1_136' title='bbox 1224 1222 1362 1268; x_wconf 87' lang='lat' dir='ltr'><strong>quam</strong></span> <span class='ocrx_word' id='word_1_137' title='bbox 1392 1207 1516 1254; x_wconf 90' lang='lat' dir='ltr'><strong>idem</strong></span> <span class='ocrx_word' id='word_1_138' title='bbox 1541 1207 1749 1254; x_wconf 91' lang='lat' dir='ltr'><strong>sonchon</strong></span> 
     </span>
     <span class='ocr_line' id='line_1_17' title="bbox 154 1275 1748 1338; baseline 0.001 -16"><span class='ocrx_word' id='word_1_139' title='bbox 154 1275 405 1338; x_wconf 88' lang='lat' dir='ltr'><strong>appellant,</strong></span> <span class='ocrx_word' id='word_1_140' title='bbox 441 1276 514 1322; x_wconf 91' lang='lat' dir='ltr'><strong>vel</strong></span> <span class='ocrx_word' id='word_1_141' title='bbox 550 1276 826 1337; x_wconf 89' lang='lat' dir='ltr'><strong>pyrethrum</strong></span> <span class='ocrx_word' id='word_1_142' title='bbox 863 1277 1300 1323; x_wconf 89' lang='lat' dir='ltr'><strong>commanducatum</strong></span> <span class='ocrx_word' id='word_1_143' title='bbox 1337 1277 1584 1323; x_wconf 88' lang='lat' dir='ltr'><strong>adversum</strong></span> <span class='ocrx_word' id='word_1_144' title='bbox 1623 1277 1748 1323; x_wconf 95' lang='lat' dir='ltr'><strong>dolo—</strong></span> 
     </span>
     <span class='ocr_line' id='line_1_18' title="bbox 154 1345 1746 1409; baseline 0.001 -18"><span class='ocrx_word' id='word_1_145' title='bbox 154 1360 254 1391; x_wconf 85' lang='lat' dir='ltr'><strong>rem</strong></span> <span class='ocrx_word' id='word_1_146' title='bbox 286 1345 496 1392; x_wconf 90' lang='lat' dir='ltr'><strong>dentium</strong></span> <span class='ocrx_word' id='word_1_147' title='bbox 524 1345 778 1406; x_wconf 84' lang='lat' dir='ltr'><strong>plurimum</strong></span> <span class='ocrx_word' id='word_1_148' title='bbox 807 1353 1020 1408; x_wconf 86' lang='lat' dir='ltr'><strong>prosunt,</strong></span> <span class='ocrx_word' id='word_1_149' title='bbox 1058 1347 1099 1392; x_wconf 92' lang='lat' dir='ltr'><strong>si</strong></span> <span class='ocrx_word' id='word_1_150' title='bbox 1128 1352 1175 1393; x_wconf 91' lang='lat' dir='ltr'><strong>et</strong></span> <span class='ocrx_word' id='word_1_151' title='bbox 1205 1361 1323 1407; x_wconf 91' lang='lat' dir='ltr'><strong>aqua</strong></span> <span class='ocrx_word' id='word_1_152' title='bbox 1353 1348 1468 1409; x_wconf 86' lang='lat' dir='ltr'><strong>ipsa,</strong></span> <span class='ocrx_word' id='word_1_153' title='bbox 1499 1361 1589 1407; x_wconf 92' lang='lat' dir='ltr'><strong>qua</strong></span> <span class='ocrx_word' id='word_1_154' title='bbox 1620 1348 1746 1393; x_wconf 94' lang='lat' dir='ltr'><strong>inco-</strong></span> 
     </span>
     <span class='ocr_line' id='line_1_19' title="bbox 156 1415 1832 1478; baseline 0.001 -17"><span class='ocrx_word' id='word_1_155' title='bbox 156 1422 342 1477; x_wconf 88' lang='lat' dir='ltr'><strong>cuntur,</strong></span> <span class='ocrx_word' id='word_1_156' title='bbox 379 1430 460 1462; x_wconf 90' lang='lat' dir='ltr'><strong>ore</strong></span> <span class='ocrx_word' id='word_1_157' title='bbox 497 1423 724 1462; x_wconf 90' lang='lat' dir='ltr'><strong>teneatur.</strong></span> <span class='ocrx_word' id='word_1_158' title='bbox 783 1415 932 1462; x_wconf 91' lang='lat' dir='ltr'><strong>Rosae</strong></span> <span class='ocrx_word' id='word_1_159' title='bbox 962 1415 1092 1462; x_wconf 87' lang='lat' dir='ltr'><strong>floris</strong></span> <span class='ocrx_word' id='word_1_160' title='bbox 1123 1416 1247 1476; x_wconf 92' lang='lat' dir='ltr'><strong>quod</strong></span> <span class='ocrx_word' id='word_1_161' title='bbox 1279 1423 1350 1462; x_wconf 89' lang='lat' dir='ltr'><strong>est</strong></span> <span class='ocrx_word' id='word_1_162' title='bbox 1381 1415 1559 1463; x_wconf 91' lang='lat' dir='ltr'><strong>luteum</strong></span> <span class='ocrx_word' id='word_1_163' title='bbox 1590 1415 1630 1462; x_wconf 90' lang='lat' dir='ltr'>X</span> <span class='ocrx_word' id='word_1_164' title='bbox 1653 1415 1749 1478; x_wconf 94' lang='lat' dir='ltr'><strong>Vll,</strong></span> <span class='ocrx_word' id='word_1_165' title='bbox 1781 1426 1832 1463; x_wconf 90' lang='lat'><strong>10</strong></span> 
     </span>
     <span class='ocr_line' id='line_1_20' title="bbox 156 1484 1747 1547; baseline -0.001 -16"><span class='ocrx_word' id='word_1_166' title='bbox 156 1486 536 1546; x_wconf 85' lang='lat' dir='ltr'><strong>crocomagmatis</strong></span> <span class='ocrx_word' id='word_1_167' title='bbox 560 1484 600 1530; x_wconf 87' lang='lat' dir='ltr'>X</span> <span class='ocrx_word' id='word_1_168' title='bbox 623 1484 737 1547; x_wconf 93' lang='lat' dir='ltr'><strong>VIII,</strong></span> <span class='ocrx_word' id='word_1_169' title='bbox 766 1499 948 1546; x_wconf 89' lang='lat' dir='ltr'><strong>myrrae</strong></span> <span class='ocrx_word' id='word_1_170' title='bbox 973 1484 1013 1531; x_wconf 90' lang='lat' dir='ltr'>X</span> <span class='ocrx_word' id='word_1_171' title='bbox 1035 1484 1149 1547; x_wconf 87' lang='lat' dir='ltr'><strong>VIII,</strong></span> <span class='ocrx_word' id='word_1_172' title='bbox 1177 1485 1320 1545; x_wconf 91' lang='lat' dir='ltr'><strong>gallae</strong></span> <span class='ocrx_word' id='word_1_173' title='bbox 1346 1485 1561 1546; x_wconf 84' lang='lat' dir='ltr'><strong>Syriacae</strong></span> <span class='ocrx_word' id='word_1_174' title='bbox 1585 1485 1625 1531; x_wconf 98' lang='lat' dir='ltr'>X</span> <span class='ocrx_word' id='word_1_175' title='bbox 1648 1484 1747 1546; x_wconf 88' lang='lat' dir='ltr'><strong>IIII,</strong></span> 
     </span>
    </p>

    <p class='ocr_par' dir='ltr' id='par_1_5' title="bbox 92 1553 1831 1894">
     <span class='ocr_line' id='line_1_21' title="bbox 92 1553 1748 1617; baseline 0.001 -18"><span class='ocrx_word' id='word_1_176' title='bbox 92 1575 132 1606; x_wconf 78' lang='lat'><strong>20</strong></span> <span class='ocrx_word' id='word_1_177' title='bbox 156 1553 229 1600; x_wconf 88' lang='lat' dir='ltr'><strong>his</strong></span> <span class='ocrx_word' id='word_1_178' title='bbox 266 1555 314 1600; x_wconf 91' lang='lat' dir='ltr'><strong>in</strong></span> <span class='ocrx_word' id='word_1_179' title='bbox 350 1569 496 1601; x_wconf 91' lang='lat' dir='ltr'><strong>unum</strong></span> <span class='ocrx_word' id='word_1_180' title='bbox 533 1555 690 1600; x_wconf 90' lang='lat' dir='ltr'><strong>mixtis</strong></span> <span class='ocrx_word' id='word_1_181' title='bbox 728 1559 775 1600; x_wconf 86' lang='lat' dir='ltr'><strong>et</strong></span> <span class='ocrx_word' id='word_1_182' title='bbox 810 1556 936 1600; x_wconf 88' lang='lat' dir='ltr'><strong>tritis</strong></span> <span class='ocrx_word' id='word_1_183' title='bbox 974 1556 1045 1601; x_wconf 90' lang='lat' dir='ltr'><strong>uti</strong></span> <span class='ocrx_word' id='word_1_184' title='bbox 1081 1561 1267 1615; x_wconf 86' lang='lat' dir='ltr'><strong>oportet</strong></span> <span class='ocrx_word' id='word_1_185' title='bbox 1298 1556 1450 1617; x_wconf 87' lang='lat' dir='ltr'><strong>siccis,</strong></span> <span class='ocrx_word' id='word_1_186' title='bbox 1489 1563 1542 1601; x_wconf 91' lang='lat' dir='ltr'><strong>ut</strong></span> <span class='ocrx_word' id='word_1_187' title='bbox 1572 1569 1628 1601; x_wconf 90' lang='lat' dir='ltr'><strong>ex</strong></span> <span class='ocrx_word' id='word_1_188' title='bbox 1657 1554 1748 1600; x_wconf 93' lang='lat' dir='ltr'><strong>hoc</strong></span> 
     </span>
     <span class='ocr_line' id='line_1_22' title="bbox 154 1623 1831 1685; baseline 0.001 -16"><span class='ocrx_word' id='word_1_189' title='bbox 154 1623 346 1684; x_wconf 90' lang='lat' dir='ltr'><strong>pulvere</strong></span> <span class='ocrx_word' id='word_1_190' title='bbox 376 1625 585 1684; x_wconf 90' lang='lat' dir='ltr'><strong>gingivae</strong></span> <span class='ocrx_word' id='word_1_191' title='bbox 616 1623 808 1670; x_wconf 88' lang='lat' dir='ltr'><strong>adsidue</strong></span> <span class='ocrx_word' id='word_1_192' title='bbox 839 1624 1096 1685; x_wconf 89' lang='lat' dir='ltr'><strong>dentesque</strong></span> <span class='ocrx_word' id='word_1_193' title='bbox 1127 1630 1391 1684; x_wconf 86' lang='lat' dir='ltr'><strong>tangantur.</strong></span> <span class='ocrx_word' id='word_1_194' title='bbox 1444 1624 1592 1670; x_wconf 85' lang='lat' dir='ltr'><strong>Rosae</strong></span> <span class='ocrx_word' id='word_1_195' title='bbox 1620 1624 1747 1684; x_wconf 90' lang='lat' dir='ltr'><strong>lapil-</strong></span> <span class='ocrx_word' id='word_1_196' title='bbox 1783 1635 1831 1671; x_wconf 87' lang='lat'><strong>11</strong></span> 
     </span>
     <span class='ocr_line' id='line_1_23' title="bbox 155 1692 1750 1755; baseline 0.001 -17"><span class='ocrx_word' id='word_1_197' title='bbox 155 1692 224 1739; x_wconf 91' lang='lat' dir='ltr'><strong>los</strong></span> <span class='ocrx_word' id='word_1_198' title='bbox 262 1692 334 1739; x_wconf 89' lang='lat' dir='ltr'><strong>vel</strong></span> <span class='ocrx_word' id='word_1_199' title='bbox 370 1707 526 1755; x_wconf 85' lang='lat' dir='ltr'><strong>grana,</strong></span> <span class='ocrx_word' id='word_1_200' title='bbox 565 1708 681 1754; x_wconf 87' lang='lat' dir='ltr'><strong>quae</strong></span> <span class='ocrx_word' id='word_1_201' title='bbox 712 1694 760 1739; x_wconf 91' lang='lat' dir='ltr'><strong>in</strong></span> <span class='ocrx_word' id='word_1_202' title='bbox 793 1693 1010 1742; x_wconf 87' lang='lat' dir='ltr'><strong>folliculis</strong></span> <span class='ocrx_word' id='word_1_203' title='bbox 1041 1695 1141 1740; x_wconf 90' lang='lat' dir='ltr'><strong>eius</strong></span> <span class='ocrx_word' id='word_1_204' title='bbox 1174 1700 1336 1754; x_wconf 87' lang='lat' dir='ltr'><strong>postea</strong></span> <span class='ocrx_word' id='word_1_205' title='bbox 1369 1708 1506 1754; x_wconf 88' lang='lat' dir='ltr'><strong>quam</strong></span> <span class='ocrx_word' id='word_1_206' title='bbox 1538 1708 1641 1739; x_wconf 90' lang='lat' dir='ltr'><strong>esse</strong></span> <span class='ocrx_word' id='word_1_207' title='bbox 1673 1694 1750 1739; x_wconf 92' lang='lat' dir='ltr'><strong>de-</strong></span> 
     </span>
     <span class='ocr_line' id='line_1_24' title="bbox 157 1761 1750 1826; baseline 0 -18"><span class='ocrx_word' id='word_1_208' title='bbox 157 1763 289 1808; x_wconf 87' lang='lat' dir='ltr'><strong>sierit</strong></span> <span class='ocrx_word' id='word_1_209' title='bbox 318 1763 634 1824; x_wconf 89' lang='lat' dir='ltr'><strong>inveniuntur,</strong></span> <span class='ocrx_word' id='word_1_210' title='bbox 665 1762 842 1808; x_wconf 88' lang='lat' dir='ltr'><strong>assabis</strong></span> <span class='ocrx_word' id='word_1_211' title='bbox 874 1770 920 1809; x_wconf 90' lang='lat' dir='ltr'><strong>et</strong></span> <span class='ocrx_word' id='word_1_212' title='bbox 949 1764 998 1809; x_wconf 92' lang='lat' dir='ltr'><strong>in</strong></span> <span class='ocrx_word' id='word_1_213' title='bbox 1027 1763 1267 1826; x_wconf 89' lang='lat' dir='ltr'><strong>pulverem</strong></span> <span class='ocrx_word' id='word_1_214' title='bbox 1299 1763 1485 1823; x_wconf 85' lang='lat' dir='ltr'><strong>rediges</strong></span> <span class='ocrx_word' id='word_1_215' title='bbox 1508 1763 1563 1809; x_wconf 92' lang='lat' dir='ltr'><strong>ad</strong></span> <span class='ocrx_word' id='word_1_216' title='bbox 1589 1761 1750 1824; x_wconf 88' lang='lat' dir='ltr'><strong>XIIII,</strong></span> 
     </span>
     <span class='ocr_line' id='line_1_25' title="bbox 156 1831 1751 1894; baseline 0.001 -17"><span class='ocrx_word' id='word_1_217' title='bbox 156 1831 284 1877; x_wconf 88' lang='lat' dir='ltr'><strong>floris</strong></span> <span class='ocrx_word' id='word_1_218' title='bbox 322 1846 508 1892; x_wconf 91' lang='lat' dir='ltr'><strong>quoque</strong></span> <span class='ocrx_word' id='word_1_219' title='bbox 547 1833 648 1878; x_wconf 90' lang='lat' dir='ltr'><strong>eius</strong></span> <span class='ocrx_word' id='word_1_220' title='bbox 686 1833 800 1878; x_wconf 86' lang='lat' dir='ltr'><strong>sicci</strong></span> <span class='ocrx_word' id='word_1_221' title='bbox 837 1832 876 1878; x_wconf 89' lang='grc' dir='ltr'>Χ</span> <span class='ocrx_word' id='word_1_222' title='bbox 913 1831 975 1894; x_wconf 90' lang='lat'><strong>11,</strong></span> <span class='ocrx_word' id='word_1_223' title='bbox 1022 1847 1203 1893; x_wconf 88' lang='lat' dir='ltr'><strong>myrrae</strong></span> <span class='ocrx_word' id='word_1_224' title='bbox 1241 1832 1281 1878; x_wconf 95' lang='grc' dir='ltr'>Χ</span> <span class='ocrx_word' id='word_1_225' title='bbox 1318 1832 1337 1878; x_wconf 94' lang='grc' dir='ltr'><strong>Ι</strong></span> <span class='ocrx_word' id='word_1_226' title='bbox 1383 1834 1474 1879; x_wconf 90' lang='lat' dir='ltr'><strong>teri</strong></span> <span class='ocrx_word' id='word_1_227' title='bbox 1517 1833 1658 1879; x_wconf 81' lang='lat' dir='ltr'><strong>facies</strong></span> <span class='ocrx_word' id='word_1_228' title='bbox 1705 1840 1751 1878; x_wconf 90' lang='lat' dir='ltr'><strong>et</strong></span> 
     </span>
    </p>

    <p class='ocr_par' dir='ltr' id='par_1_6' title="bbox 93 1901 1832 2242">
     <span class='ocr_line' id='line_1_26' title="bbox 93 1901 1751 1964; baseline 0.001 -17"><span class='ocrx_word' id='word_1_229' title='bbox 93 1922 134 1953; x_wconf 78' lang='lat'><strong>25</strong></span> <span class='ocrx_word' id='word_1_230' title='bbox 158 1902 282 1948; x_wconf 90' lang='lat' dir='ltr'><strong>sicco</strong></span> <span class='ocrx_word' id='word_1_231' title='bbox 320 1901 509 1962; x_wconf 86' lang='lat' dir='ltr'><strong>pulvere</strong></span> <span class='ocrx_word' id='word_1_232' title='bbox 541 1902 788 1948; x_wconf 88' lang='lat' dir='ltr'><strong>adversum</strong></span> <span class='ocrx_word' id='word_1_233' title='bbox 819 1901 1025 1948; x_wconf 90' lang='lat' dir='ltr'><strong>dolorem</strong></span> <span class='ocrx_word' id='word_1_234' title='bbox 1057 1902 1210 1948; x_wconf 90' lang='lat' dir='ltr'><strong>dentis</strong></span> <span class='ocrx_word' id='word_1_235' title='bbox 1241 1904 1390 1948; x_wconf 89' lang='lat' dir='ltr'><strong>uteris</strong></span> <span class='ocrx_word' id='word_1_236' title='bbox 1426 1904 1503 1964; x_wconf 90' lang='lat' dir='ltr'><strong>ita,</strong></span> <span class='ocrx_word' id='word_1_237' title='bbox 1535 1909 1588 1948; x_wconf 88' lang='lat' dir='ltr'><strong>ut</strong></span> <span class='ocrx_word' id='word_1_238' title='bbox 1618 1903 1751 1963; x_wconf 89' lang='lat' dir='ltr'><strong>prius</strong></span> 
     </span>
     <span class='ocr_line' id='line_1_27' title="bbox 157 1970 1832 2033; baseline 0.001 -17"><span class='ocrx_word' id='word_1_239' title='bbox 157 1985 209 2017; x_wconf 92' lang='lat' dir='ltr'><strong>os</strong></span> <span class='ocrx_word' id='word_1_240' title='bbox 254 1970 428 2017; x_wconf 91' lang='lat' dir='ltr'><strong>colluas</strong></span> <span class='ocrx_word' id='word_1_241' title='bbox 474 1978 604 2018; x_wconf 84' lang='lat' dir='ltr'><strong>aceto</strong></span> <span class='ocrx_word' id='word_1_242' title='bbox 643 1970 763 2018; x_wconf 88' lang='lat' dir='ltr'><strong>salso</strong></span> <span class='ocrx_word' id='word_1_243' title='bbox 800 1971 972 2032; x_wconf 89' lang='lat' dir='ltr'><strong>tepido.</strong></span> <span class='ocrx_word' id='word_1_244' title='bbox 1038 1971 1187 2018; x_wconf 89' lang='lat' dir='ltr'><strong>Rosae</strong></span> <span class='ocrx_word' id='word_1_245' title='bbox 1225 1973 1416 2018; x_wconf 91' lang='lat' dir='ltr'><strong>caninae</strong></span> <span class='ocrx_word' id='word_1_246' title='bbox 1455 1973 1570 2033; x_wconf 90' lang='lat' dir='ltr'><strong>suci,</strong></span> <span class='ocrx_word' id='word_1_247' title='bbox 1612 1985 1749 2032; x_wconf 90' lang='lat' dir='ltr'><strong>quam</strong></span> <span class='ocrx_word' id='word_1_248' title='bbox 1783 1982 1832 2018; x_wconf 85' lang='lat'><strong>12</strong></span> 
     </span>
     <span class='ocr_line' id='line_1_28' title="bbox 157 2040 1752 2102; baseline 0.001 -16"><span class='ocrx_word' id='word_1_249' title='bbox 157 2040 322 2087; x_wconf 88' lang='lat' dir='ltr'><strong>Graeci</strong></span> <span class='ocrx_word' id='word_1_250' title='bbox 359 2041 697 2102; x_wconf 89' lang='lat' dir='ltr'><strong>cynorrhodam</strong></span> <span class='ocrx_word' id='word_1_251' title='bbox 730 2048 908 2102; x_wconf 88' lang='lat' dir='ltr'><strong>vocant,</strong></span> <span class='ocrx_word' id='word_1_252' title='bbox 946 2040 1017 2087; x_wconf 89' lang='lat' dir='ltr'><strong>vel</strong></span> <span class='ocrx_word' id='word_1_253' title='bbox 1046 2042 1194 2101; x_wconf 88' lang='lat' dir='ltr'><strong>ipsius</strong></span> <span class='ocrx_word' id='word_1_254' title='bbox 1224 2040 1396 2087; x_wconf 90' lang='lat' dir='ltr'><strong>herbae</strong></span> <span class='ocrx_word' id='word_1_255' title='bbox 1426 2041 1598 2087; x_wconf 88' lang='lat' dir='ltr'><strong>radicis</strong></span> <span class='ocrx_word' id='word_1_256' title='bbox 1630 2040 1670 2087; x_wconf 93' lang='lat' dir='ltr'>X</span> <span class='ocrx_word' id='word_1_257' title='bbox 1695 2041 1752 2102; x_wconf 89' lang='lat' dir='ltr'><strong>ll,</strong></span> 
     </span>
     <span class='ocr_line' id='line_1_29' title="bbox 156 2109 1751 2171; baseline 0 -15"><span class='ocrx_word' id='word_1_258' title='bbox 156 2109 248 2171; x_wconf 89' lang='lat' dir='ltr'><strong>lyci</strong></span> <span class='ocrx_word' id='word_1_259' title='bbox 291 2109 331 2156; x_wconf 88' lang='lat' dir='ltr'>X</span> <span class='ocrx_word' id='word_1_260' title='bbox 371 2109 391 2155; x_wconf 95' lang='lat' dir='ltr'><strong>I</strong></span> <span class='ocrx_word' id='word_1_261' title='bbox 436 2125 541 2157; x_wconf 93' lang='lat' dir='ltr'><strong>cum</strong></span> <span class='ocrx_word' id='word_1_262' title='bbox 586 2112 694 2157; x_wconf 92' lang='lat' dir='ltr'><strong>vino</strong></span> <span class='ocrx_word' id='word_1_263' title='bbox 741 2116 928 2156; x_wconf 89' lang='lat' dir='ltr'><strong>austero</strong></span> <span class='ocrx_word' id='word_1_264' title='bbox 974 2112 1113 2171; x_wconf 90' lang='lat' dir='ltr'><strong>coqui</strong></span> <span class='ocrx_word' id='word_1_265' title='bbox 1158 2110 1299 2156; x_wconf 87' lang='lat' dir='ltr'><strong>facies</strong></span> <span class='ocrx_word' id='word_1_266' title='bbox 1345 2118 1392 2157; x_wconf 92' lang='lat' dir='ltr'><strong>et</strong></span> <span class='ocrx_word' id='word_1_267' title='bbox 1439 2111 1613 2157; x_wconf 89' lang='lat' dir='ltr'><strong>adicies</strong></span> <span class='ocrx_word' id='word_1_268' title='bbox 1658 2110 1751 2157; x_wconf 90' lang='lat' dir='ltr'><strong>alu-</strong></span> 
     </span>
     <span class='ocr_line' id='line_1_30' title="bbox 157 2179 1752 2242; baseline 0.001 -17"><span class='ocrx_word' id='word_1_269' title='bbox 157 2180 295 2225; x_wconf 90' lang='lat' dir='ltr'><strong>minis</strong></span> <span class='ocrx_word' id='word_1_270' title='bbox 327 2179 366 2225; x_wconf 89' lang='lat' dir='ltr'>X</span> <span class='ocrx_word' id='word_1_271' title='bbox 396 2179 493 2242; x_wconf 83' lang='lat'><strong>1111,</strong></span> <span class='ocrx_word' id='word_1_272' title='bbox 532 2195 714 2241; x_wconf 88' lang='lat' dir='ltr'><strong>myrrae</strong></span> <span class='ocrx_word' id='word_1_273' title='bbox 746 2179 785 2225; x_wconf 89' lang='lat' dir='ltr'>X</span> <span class='ocrx_word' id='word_1_274' title='bbox 815 2179 833 2225; x_wconf 83' lang='lat'>1</span> <span class='ocrx_word' id='word_1_275' title='bbox 865 2186 911 2226; x_wconf 89' lang='lat' dir='ltr'><strong>et</strong></span> <span class='ocrx_word' id='word_1_276' title='bbox 941 2180 997 2226; x_wconf 93' lang='lat' dir='ltr'><strong>de</strong></span> <span class='ocrx_word' id='word_1_277' title='bbox 1030 2181 1291 2241; x_wconf 88' lang='lat' dir='ltr'><strong>saepiarum</strong></span> <span class='ocrx_word' id='word_1_278' title='bbox 1322 2182 1455 2226; x_wconf 84' lang='lat' dir='ltr'><strong>testis</strong></span> <span class='ocrx_word' id='word_1_279' title='bbox 1487 2195 1604 2241; x_wconf 90' lang='lat' dir='ltr'><strong>quae</strong></span> <span class='ocrx_word' id='word_1_280' title='bbox 1643 2186 1752 2226; x_wconf 84' lang='lat' dir='ltr'><strong>sunt</strong></span> 
     </span>
    </p>

    <p class='ocr_par' dir='ltr' id='par_1_7' title="bbox 97 2249 1838 2590">
     <span class='ocr_line' id='line_1_31' title="bbox 97 2249 1752 2312; baseline 0 -17"><span class='ocrx_word' id='word_1_281' title='bbox 97 2275 137 2306; x_wconf 77' lang='lat'><strong>30</strong></span> <span class='ocrx_word' id='word_1_282' title='bbox 159 2250 382 2296; x_wconf 87' lang='lat' dir='ltr'><strong>interiora</strong></span> <span class='ocrx_word' id='word_1_283' title='bbox 418 2249 458 2295; x_wconf 87' lang='lat' dir='ltr'>X</span> <span class='ocrx_word' id='word_1_284' title='bbox 488 2249 552 2312; x_wconf 80' lang='lat'><strong>113</strong></span> <span class='ocrx_word' id='word_1_285' title='bbox 590 2250 664 2296; x_wconf 91' lang='lat' dir='ltr'><strong>his</strong></span> <span class='ocrx_word' id='word_1_286' title='bbox 700 2251 826 2296; x_wconf 87' lang='lat' dir='ltr'><strong>tritis</strong></span> <span class='ocrx_word' id='word_1_287' title='bbox 864 2257 910 2296; x_wconf 90' lang='lat' dir='ltr'><strong>et</strong></span> <span class='ocrx_word' id='word_1_288' title='bbox 946 2251 994 2295; x_wconf 90' lang='lat' dir='ltr'><strong>in</strong></span> <span class='ocrx_word' id='word_1_289' title='bbox 1031 2264 1179 2295; x_wconf 90' lang='lat' dir='ltr'><strong>unum</strong></span> <span class='ocrx_word' id='word_1_290' title='bbox 1209 2251 1559 2311; x_wconf 85' lang='lat' dir='ltr'><strong>concorporatis</strong></span> <span class='ocrx_word' id='word_1_291' title='bbox 1589 2249 1752 2296; x_wconf 89' lang='lat' dir='ltr'><strong>dentes</strong></span> 
     </span>
     <span class='ocr_line' id='line_1_32' title="bbox 161 2319 1745 2381; baseline 0.001 -17"><span class='ocrx_word' id='word_1_292' title='bbox 161 2325 207 2364; x_wconf 91' lang='lat' dir='ltr'><strong>et</strong></span> <span class='ocrx_word' id='word_1_293' title='bbox 251 2320 458 2380; x_wconf 87' lang='lat' dir='ltr'><strong>gingivas</strong></span> <span class='ocrx_word' id='word_1_294' title='bbox 505 2322 768 2381; x_wconf 86' lang='lat' dir='ltr'><strong>continges,</strong></span> <span class='ocrx_word' id='word_1_295' title='bbox 813 2326 920 2379; x_wconf 89' lang='lat' dir='ltr'><strong>post</strong></span> <span class='ocrx_word' id='word_1_296' title='bbox 963 2319 1053 2365; x_wconf 89' lang='lat' dir='ltr'><strong>hoc</strong></span> <span class='ocrx_word' id='word_1_297' title='bbox 1098 2320 1205 2365; x_wconf 88' lang='lat' dir='ltr'><strong>vino</strong></span> <span class='ocrx_word' id='word_1_298' title='bbox 1247 2325 1434 2365; x_wconf 89' lang='lat' dir='ltr'><strong>austero</strong></span> <span class='ocrx_word' id='word_1_299' title='bbox 1474 2333 1526 2365; x_wconf 91' lang='lat' dir='ltr'><strong>os</strong></span> <span class='ocrx_word' id='word_1_300' title='bbox 1564 2319 1745 2365; x_wconf 84' lang='lat' dir='ltr'><strong>collueS.</strong></span> 
     </span>
     <span class='ocr_line' id='line_1_33' title="bbox 161 2387 1835 2452; baseline 0.001 -18"><span class='ocrx_word' id='word_1_301' title='bbox 161 2387 327 2449; x_wconf 86' lang='lat' dir='ltr'><strong>Cyperi</strong></span> <span class='ocrx_word' id='word_1_302' title='bbox 358 2387 396 2434; x_wconf 84' lang='grc' dir='ltr'>Χ</span> <span class='ocrx_word' id='word_1_303' title='bbox 426 2387 541 2452; x_wconf 92' lang='lat' dir='ltr'><strong>VIII,</strong></span> <span class='ocrx_word' id='word_1_304' title='bbox 579 2390 857 2435; x_wconf 88' lang='lat' dir='ltr'><strong>sandaracae</strong></span> <span class='ocrx_word' id='word_1_305' title='bbox 896 2388 935 2434; x_wconf 92' lang='lat' dir='ltr'>X</span> <span class='ocrx_word' id='word_1_306' title='bbox 965 2387 1058 2449; x_wconf 93' lang='lat' dir='ltr'><strong>VII,</strong></span> <span class='ocrx_word' id='word_1_307' title='bbox 1096 2388 1240 2449; x_wconf 89' lang='lat' dir='ltr'><strong>gallae</strong></span> <span class='ocrx_word' id='word_1_308' title='bbox 1271 2389 1386 2434; x_wconf 92' lang='lat' dir='ltr'><strong>duas</strong></span> <span class='ocrx_word' id='word_1_309' title='bbox 1416 2395 1588 2451; x_wconf 83' lang='lat' dir='ltr'><strong>partes,</strong></span> <span class='ocrx_word' id='word_1_310' title='bbox 1624 2390 1751 2449; x_wconf 90' lang='lat' dir='ltr'><strong>pipe-</strong></span> <span class='ocrx_word' id='word_1_311' title='bbox 1786 2398 1835 2436; x_wconf 85' lang='lat'><strong>13</strong></span> 
     </span>
     <span class='ocr_line' id='line_1_34' title="bbox 161 2457 1838 2520; baseline 0.001 -18"><span class='ocrx_word' id='word_1_312' title='bbox 161 2458 226 2503; x_wconf 91' lang='lat' dir='ltr'><strong>ris</strong></span> <span class='ocrx_word' id='word_1_313' title='bbox 271 2457 362 2503; x_wconf 91' lang='lat' dir='ltr'><strong>albi</strong></span> <span class='ocrx_word' id='word_1_314' title='bbox 405 2457 515 2520; x_wconf 91' lang='lat' dir='ltr'><strong>XI,</strong></span> <span class='ocrx_word' id='word_1_315' title='bbox 560 2458 775 2505; x_wconf 90' lang='lat' dir='ltr'><strong>aluminis</strong></span> <span class='ocrx_word' id='word_1_316' title='bbox 813 2458 913 2504; x_wconf 86' lang='lat' dir='ltr'><strong>fissi</strong></span> <span class='ocrx_word' id='word_1_317' title='bbox 950 2457 1080 2520; x_wconf 90' lang='lat' dir='ltr'><strong>XII,</strong></span> <span class='ocrx_word' id='word_1_318' title='bbox 1125 2472 1306 2519; x_wconf 83' lang='lat' dir='ltr'><strong>myrrae</strong></span> <span class='ocrx_word' id='word_1_319' title='bbox 1346 2458 1384 2503; x_wconf 88' lang='lat' dir='ltr'>X</span> <span class='ocrx_word' id='word_1_320' title='bbox 1415 2458 1478 2520; x_wconf 77' lang='lat'><strong>113</strong></span> <span class='ocrx_word' id='word_1_321' title='bbox 1524 2466 1570 2504; x_wconf 90' lang='lat' dir='ltr'><strong>et</strong></span> <span class='ocrx_word' id='word_1_322' title='bbox 1613 2458 1753 2504; x_wconf 90' lang='lat' dir='ltr'><strong>huius</strong></span> <span class='ocrx_word' id='word_1_323' title='bbox 1806 2459 1838 2467; x_wconf 66' lang='lat'><strong>”¹</strong></span> 
     </span>
     <span class='ocr_line' id='line_1_35' title="bbox 162 2526 1753 2590; baseline 0.002 -19"><span class='ocrx_word' id='word_1_324' title='bbox 162 2526 487 2573; x_wconf 90' lang='lat' dir='ltr'><strong>medicamenti</strong></span> <span class='ocrx_word' id='word_1_325' title='bbox 518 2529 681 2575; x_wconf 89' lang='lat' dir='ltr'><strong>similis</strong></span> <span class='ocrx_word' id='word_1_326' title='bbox 716 2536 787 2575; x_wconf 91' lang='lat' dir='ltr'><strong>est</strong></span> <span class='ocrx_word' id='word_1_327' title='bbox 816 2543 931 2574; x_wconf 91' lang='lat' dir='ltr'><strong>usus</strong></span> <span class='ocrx_word' id='word_1_328' title='bbox 963 2530 1083 2574; x_wconf 91' lang='lat' dir='ltr'><strong>sicut</strong></span> <span class='ocrx_word' id='word_1_329' title='bbox 1114 2529 1386 2590; x_wconf 80' lang='lat' dir='ltr'><strong>superioriS,</strong></span> <span class='ocrx_word' id='word_1_330' title='bbox 1416 2536 1468 2574; x_wconf 88' lang='lat' dir='ltr'><strong>ut</strong></span> <span class='ocrx_word' id='word_1_331' title='bbox 1498 2530 1623 2575; x_wconf 89' lang='lat' dir='ltr'><strong>sicco</strong></span> <span class='ocrx_word' id='word_1_332' title='bbox 1653 2527 1753 2589; x_wconf 91' lang='lat' dir='ltr'><strong>pul-</strong></span> 
     </span>
    </p>
   </div>
   <div class='ocr_carea' id='block_1_3' title="bbox 163 2633 1754 2799">
    <p class='ocr_par' dir='ltr' id='par_1_8' title="bbox 163 2633 1754 2799">
     <span class='ocr_line' id='line_1_36' title="bbox 278 2633 1754 2676; baseline 0.001 -4"><span class='ocrx_word' id='word_1_333' title='bbox 278 2637 298 2672; x_wconf 87' lang='lat'>1</span> <span class='ocrx_word' id='word_1_334' title='bbox 330 2634 559 2675; x_wconf 77' lang='lat' dir='ltr'><strong>tumorem.</strong></span> <span class='ocrx_word' id='word_1_335' title='bbox 695 2639 718 2675; x_wconf 80' lang='lat'><strong>2</strong></span> <span class='ocrx_word' id='word_1_336' title='bbox 750 2633 984 2676; x_wconf 79' lang='lat' dir='ltr'><strong>marruvio.</strong></span> <span class='ocrx_word' id='word_1_337' title='bbox 1114 2640 1139 2675; x_wconf 89' lang='lat'>4</span> <span class='ocrx_word' id='word_1_338' title='bbox 1169 2633 1450 2676; x_wconf 83' lang='lat' dir='ltr'><strong>marruvium.</strong></span> <span class='ocrx_word' id='word_1_339' title='bbox 1595 2640 1619 2675; x_wconf 87' lang='lat'>5</span> <span class='ocrx_word' id='word_1_340' title='bbox 1652 2646 1754 2674; x_wconf 90' lang='lat' dir='ltr'><strong>ane-</strong></span> 
     </span>
     <span class='ocr_line' id='line_1_37' title="bbox 163 2686 1752 2744; baseline 0.001 -16"><span class='ocrx_word' id='word_1_341' title='bbox 163 2686 319 2729; x_wconf 83' lang='lat' dir='ltr'><strong>monis.</strong></span> <span class='ocrx_word' id='word_1_342' title='bbox 465 2694 487 2730; x_wconf 81' lang='lat'><strong>7</strong></span> <span class='ocrx_word' id='word_1_343' title='bbox 516 2688 736 2731; x_wconf 73' lang='lat' dir='ltr'><strong>tritutum.</strong></span> <span class='ocrx_word' id='word_1_344' title='bbox 892 2693 942 2731; x_wconf 86' lang='lat'><strong>15</strong></span> <span class='ocrx_word' id='word_1_345' title='bbox 973 2690 1183 2744; x_wconf 79' lang='lat' dir='ltr'><strong>cyperon]</strong></span> <span class='ocrx_word' id='word_1_346' title='bbox 1217 2690 1401 2732; x_wconf 69' lang='lat' dir='ltr'><strong>acorion.</strong></span> <span class='ocrx_word' id='word_1_347' title='bbox 1538 2688 1752 2743; x_wconf 87' lang='lat' dir='ltr'><strong>sonchon]</strong></span> 
     </span>
     <span class='ocr_line' id='line_1_38' title="bbox 165 2744 1753 2799; baseline 0.001 -15"><span class='ocrx_word' id='word_1_348' title='bbox 165 2755 335 2785; x_wconf 87' lang='lat' dir='ltr'><strong>scocon.</strong></span> <span class='ocrx_word' id='word_1_349' title='bbox 422 2749 474 2786; x_wconf 78' lang='lat'><strong>27</strong></span> <span class='ocrx_word' id='word_1_350' title='bbox 500 2745 827 2798; x_wconf 74' lang='lat' dir='ltr'><strong>cynocytidam3</strong></span> <span class='ocrx_word' id='word_1_351' title='bbox 857 2759 918 2787; x_wconf 74' lang='lat' dir='ltr'><strong>an</strong></span> <span class='ocrx_word' id='word_1_352' title='bbox 939 2744 1330 2799; x_wconf 80' lang='lat' dir='ltr'><strong>hypocistida(m)?</strong></span> <span class='ocrx_word' id='word_1_353' title='bbox 1402 2751 1454 2787; x_wconf 80' lang='lat'><strong>32</strong></span> <span class='ocrx_word' id='word_1_354' title='bbox 1486 2744 1753 2786; x_wconf 85' lang='lat' dir='ltr'><strong>sandaricae.</strong></span> 
     </span>
    </p>
   </div>
   <div class='ocr_carea' id='block_1_4' title="bbox 0 0 40 3016">
    <p class='ocr_par' dir='ltr' id='par_1_9' title="bbox 0 0 40 3016">
     <span class='ocr_line' id='line_1_39' title="bbox 0 0 40 3016; baseline 0 0"><span class='ocrx_word' id='word_1_355' title='bbox 0 0 40 3016; x_wconf 95' lang='lat' dir='ltr'><strong> </strong></span> 
     </span>
    </p>
   </div>
  </div>
 </body>
</html>
