1930 3008
857 158 918 166 -
995 129 1237 180 300-

247 260 373 321 vitia,
412 273 530 319 quae
568 272 624 304 ex
661 258 835 318 frigore
866 263 946 304 aut
975 257 1133 304 labore
1165 263 1243 304 aut
1272 257 1500 318 indigerie
1532 264 1685 322 erunt,
1715 260 1841 307 miri-

165 337 216 375 57
249 328 335 374 fice
368 327 566 375 sanabis.
613 327 802 374 Lotium
830 327 1085 374 humanum
1117 333 1251 373 vetus
1275 327 1453 374 adiecto
1477 328 1664 388 paululo
1688 344 1842 394 croco,

249 397 375 459 quod
413 397 602 444 odorem
641 399 744 444 eius
782 396 1012 458 emendet,
1049 397 1284 457 ignoranti
1319 398 1452 457 potui
1489 397 1646 445 datum
1683 413 1842 461 quam-

247 469 316 513 vis
359 473 543 514 veteres
594 474 640 513 et
691 466 890 512 latentes
933 467 1200 512 interaneos
1245 465 1434 513 morbos
1485 473 1533 514 et
1574 471 1751 517 vomitu
1796 476 1844 517 et

248 536 591 583 deiectionibus
629 537 874 582 concitatis
911 537 1235 596 potentiSsime
1274 535 1467 582 sanabit.
1865 550 1886 582 5

166 615 220 653 58
391 605 733 652 Laborantibus
771 610 998 667 tenesmo,
1034 605 1081 651 id
1120 610 1191 651 est
1229 607 1311 666 qui
1347 605 1404 651 de
1434 605 1737 666 perfrictione
1767 607 1845 654 ad-

248 675 381 722 sidue
427 675 594 722 sedere
638 676 835 736 cupiunt
881 680 928 720 et
968 673 1085 721 nihil
1122 674 1351 737 deicIunt,
1395 674 1465 722 lac
1503 675 1730 723 bubulum
1767 677 1845 724 de-

164 753 217 791 59
249 751 436 791 coctum
458 745 732 806 frequenter
755 749 915 806 potum
940 746 1137 790 maxime
1161 744 1366 804 prodest.
1415 744 1562 791 Holus
1585 745 1845 794 discoctum

247 829 356 861 cum
401 815 496 861 sale
540 814 795 875 plurimum
840 819 1077 874 sumptum
1115 814 1364 860 adversum
1400 820 1663 862 tenesmum
1698 818 1846 879 iuvat3

248 891 403 930 ostrea
449 898 637 945 quoque
687 898 742 929 ex
794 883 946 929 mulso
1001 889 1047 929 et
1097 885 1259 944 pipere
1310 890 1443 930 cocta
1493 884 1672 931 utiliter
1723 887 1842 932 acci·
1866 899 1909 930 ιο

164 962 218 999 60
247 955 458 1014 piuntur.
517 952 649 999 Potio
681 967 871 1013 asperso
902 952 1103 1014 plurimo
1134 955 1296 1013 pipere
1328 952 1415 999 sub
1447 961 1633 1001 noctem
1663 955 1844 1002 calidis-

248 1024 364 1070 sime
400 1028 584 1083 sumpta
615 1036 797 1069 summo
821 1022 1029 1068 remedio
1053 1022 1302 1069 adversum
1327 1028 1585 1069 tenesmum
1610 1038 1714 1070 esse
1738 1040 1847 1072 con-

164 1101 216 1139 61
250 1093 415 1139 suevit.
469 1092 700 1138 Senectus
738 1093 902 1151 anguis
940 1106 1047 1137 cum
1078 1091 1181 1138 oleo
1212 1105 1405 1137 rosaceo
1435 1092 1628 1139 decocta
1658 1095 1706 1140 in
1737 1109 1846 1141 vaso

248 1168 439 1223 stagneo
478 1167 618 1222 atque
656 1161 786 1207 inlita
823 1162 997 1222 ventri,
1035 1162 1075 1206 si
1111 1166 1266 1207 tamen
1303 1160 1398 1207 illic
1435 1175 1529 1207 non
1567 1164 1628 1208 sit
1665 1163 1846 1211 exulce-

247 1233 382 1294 ratio,
419 1238 629 1277 tenesmo
667 1230 874 1276 remedio
914 1236 998 1276 est.
1869 1244 1910 1277 15

163 1310 216 1347 62
389 1299 467 1346 Ius
503 1302 703 1361 piscium
740 1301 1027 1345 marmorum
1064 1300 1112 1345 in
1142 1300 1298 1360 patina
1329 1314 1436 1346 cum
1465 1299 1661 1348 lactucis
1692 1308 1844 1350 cocto-

165 1380 217 1417 63
249 1384 356 1416 rum
394 1369 573 1416 utiliter
611 1369 858 1415 adversum
896 1375 1159 1415 tenesmum
1198 1368 1429 1416 sorbetur.
1498 1370 1630 1432 Aqua
1666 1374 1846 1419 marina

249 1454 304 1485 ex
343 1439 434 1486 alto
472 1439 688 1485 hauritur
726 1445 773 1485 et
811 1445 1023 1485 servatur
1059 1440 1108 1484 in
1145 1445 1425 1485 vetustatem
1464 1454 1516 1486 ac
1546 1446 1708 1501 postea
1739 1457 1845 1489 cum

249 1510 357 1555 vino
403 1515 591 1556 austero
636 1507 836 1571 bibitur3
882 1508 1049 1554 deinde
1094 1509 1244 1554 rafani
1292 1510 1652 1572 manducantur,
1695 1519 1748 1558 ut
1785 1513 1846 1558 sit

166 1587 219 1626 64
249 1580 452 1625 vomitus
490 1578 684 1640 facilior,
722 1579 803 1639 qui
839 1578 1039 1624 tenesmi
1069 1592 1233 1624 causas
1264 1578 1481 1625 effundat.
1536 1578 1720 1627 Herbae
1750 1588 1845 1628 vet·
1869 1592 1910 1623 20

250 1649 430 1695 tonicae
478 1648 585 1694 folia
629 1649 678 1694 in
723 1647 889 1694 umbra
934 1646 1135 1693 arefacta
1181 1654 1226 1693 et
1270 1653 1409 1693 tunsa
1452 1647 1747 1710 cribrataque
1789 1651 1844 1697 ad

251 1717 510 1778 scripulum
563 1731 710 1764 unum
763 1731 819 1763 ex
871 1731 1016 1777 aquae
1068 1715 1240 1763 calidae
1289 1718 1466 1778 cyathis
1511 1718 1693 1765 duobus
1735 1726 1845 1782 pota

250 1789 425 1849 optime
462 1793 663 1848 prosunt
700 1786 876 1848 absque
914 1786 1007 1848 his,
1053 1785 1225 1847 quibus
1263 1800 1320 1832 ex
1357 1787 1587 1834 cruditate
1624 1789 1846 1836 intestina

166 1864 219 1902 65
251 1863 545 1918 torquentur.
591 1855 761 1919 Herba,
793 1870 911 1917 quae
934 1870 1254 1917 pycnocomon
1279 1856 1465 1919 dicitur,
1495 1858 1604 1903 trita
1629 1872 1685 1904 ex
1707 1873 1844 1920 passo

247 1926 320 1973 vel
363 1926 515 1972 mulso
561 1925 634 1972 vel
679 1940 879 1972 caroeno
925 1931 1061 1986 epota
1105 1927 1436 1972 intestinorum
1486 1926 1691 1973 dolorem
1738 1943 1844 1990 pro·
1867 1940 1909 1972 25

163 2004 215 2042 66
250 1997 375 2042 tInus
407 1996 551 2042 sedat.
602 1995 770 2042 Scillae
801 1995 929 2041 albae
965 2020 1022 2027 —
1057 1995 1077 2041 Ι
1113 2001 1159 2041 et
1187 2009 1370 2056 myrrae
1402 1997 1631 2043 victoriati
1661 1998 1845 2058 pondus

247 2064 443 2111 adiectis
480 2065 623 2111 aridis
661 2065 761 2111 ficis
800 2064 984 2111 duobus
1021 2066 1070 2110 in
1101 2079 1245 2111 unum
1277 2064 1466 2125 subiges
1497 2071 1543 2112 et
1572 2067 1757 2114 ieiunus
1788 2082 1842 2114 ex

163 2143 216 2181 67
247 2135 354 2180 vino
378 2149 508 2181 mero
533 2148 711 2181 sumes:
738 2135 955 2194 protinus
981 2136 1156 2180 ventris
1181 2134 1340 2180 dolore
1364 2134 1657 2182 relevaberis.
1702 2135 1845 2183 Lauri

247 2205 402 2251 teneri
437 2203 545 2250 folia
582 2210 719 2250 tunsa
757 2209 804 2250 et
840 2205 890 2250 in
928 2209 1115 2250 austero
1154 2206 1260 2250 vino
1301 2205 1411 2250 trita
1448 2204 1658 2250 convulsi
1693 2206 1843 2252 utilis-

163 2282 216 2320 68
249 2275 364 2320 sime
395 2280 571 2334 potant.
625 2273 818 2320 Stercus
850 2275 1087 2320 verrinum
1115 2288 1200 2335 per
1224 2288 1273 2320 se
1299 2272 1543 2320 collectum
1567 2274 1842 2322 arefactum-
1865 2288 1908 2318 30

248 2357 339 2404 que
384 2349 431 2390 et
475 2358 582 2390 cum
626 2345 733 2389 vino
779 2345 912 2404 potui
956 2343 1114 2390 datum
1153 2343 1473 2389 efficacissime
1512 2343 1758 2390 convulsos
1796 2351 1843 2391 et

246 2419 456 2460 reumata
493 2419 637 2459 sanat.

387 2552 410 2588 2
440 2547 635 2600 paulolo.
761 2550 811 2587 12
841 2546 1053 2588 tenesmo.
1177 2549 1228 2587 18
1259 2544 1438 2586 auritur.
1555 2550 1609 2586 24
1637 2559 1841 2599 pycmon,

245 2604 429 2645 correoei.
503 2605 556 2643 25
588 2601 751 2644 carino.
825 2606 878 2642 26
910 2601 1088 2655 Scillae]
1124 2601 1255 2643 Totus
1283 2601 1352 2641 hic
1376 2601 1492 2642 locus
1521 2614 1548 2642 a
1579 2605 1601 2650 ξ
1627 2606 1679 2643 66
1709 2614 1841 2655 usque

246 2659 303 2699 ad
332 2671 425 2711 cap.
451 2657 655 2699 XXVIIII
684 2662 707 2707 ξ
731 2662 754 2698 6
785 2658 969 2710 exceptis
997 2657 1135 2699 verbis
1164 2656 1220 2697 acl
1251 2655 1338 2697 coli
1366 2655 1638 2698 inflationem
1664 2680 1715 2688 —
1741 2670 1839 2710 cya-

244 2713 333 2754 this
357 2715 578 2766 quattuor,
603 2726 711 2766 quae
731 2717 833 2755 sunt
853 2714 903 2754 i‘n
925 2717 947 2762 ξ
963 2716 990 2753 4
1012 2712 1195 2754 eiusdem
1218 2712 1415 2764 capituli,
1441 2713 1559 2765 apud
1578 2711 1839 2754 Gornarium

243 2768 524 2810 desideratur.
640 2769 812 2811 mitrae.
928 2772 981 2809 30
1011 2767 1234 2820 potantur.
1350 2771 1402 2808 32
1433 2768 1666 2811 thremata.
