1930 3008
805 77 1178 128 —408-

227 190 342 233 toles
359 191 533 236 Gallica
554 193 709 250 lingua
731 197 947 253 dicuntur,

229 259 337 299 quas
352 248 485 302 vulgo
500 261 582 303 per
600 251 948 297 deminutionem

225 301 401 345 tusillas
431 307 605 360 vocant,
637 321 749 360 quae
778 309 824 352 in
853 310 947 353 fau-

225 356 351 399 cibus
380 359 636 413 turgescere
667 365 821 406 solent.

194 412 375 457 torsioz
406 416 544 470 Hipp.
575 431 638 472 ep.
670 420 729 462 ad
750 421 888 465 Maec.
907 426 944 465 3.

222 468 357 512 tortio
389 475 527 524 27‚94.
547 476 638 515 136.

197 523 405 568 tortula:
437 527 685 580 aphronitri
708 530 826 573 floris
856 534 947 574 tor-

221 579 319 621 tula
350 586 415 634 7,1
448 585 502 636 (a.
533 583 575 626 fl.
599 584 762 638 pilulas
793 590 917 639 6,31).

193 635 409 680 tosillae:
456 642 506 678 15
545 640 676 683 lemm.
723 646 856 693 15‚11.
882 649 945 688 12.

223 694 287 733 13.
309 694 374 734 14.
393 697 457 735 15.
487 699 550 736 16.
570 699 635 737 17.
662 701 727 739 18.
752 701 816 740 68.
856 700 946 742 tos-

220 745 346 789 sillae
380 753 513 800 11,18.
550 754 684 803 14‚47.
726 756 944 806 15,21.22.

191 801 402 846 tostaret
425 805 616 847 tostatus
643 812 776 861 10‚77.
808 814 944 862 2631.

219 861 286 900 86.
352 863 489 912 27,71.
527 865 592 904 72.
633 867 697 906 77.
757 865 944 909 tostabis

218 917 383 966 27,119.

189 968 347 1012 totus:
378 971 465 1013 dat.
497 972 605 1026 sinq.
646 974 741 1017 toto
773 978 946 1030 corpori

219 1027 326 1076 1,48.
359 1025 496 1078 capiti
529 1032 635 1080 1,95.

193 1079 589 1125 trachomaticum

216 1138 355 1187 8,215.

190 1191 531 1243 transgluttire
599 1198 735 1247 14,52.

711 1085 945 1140 collyrium

221 1250 485 1289 27.98.100.
519 1254 653 1301 17,41.
687 1202 944 1303 20‚13l³‘.3'26'

186 1301 397 1344 tribolus
434 1304 591 1347 herba:
623 1306 826 1360 accipies
845 1309 942 1351 her-

214 1356 319 1399 bam
354 1357 586 1411 tribolum,
625 1361 749 1404 cuius
778 1364 941 1407 herbae

215 1412 361 1466 ipsum
369 1414 594 1468 tribulum,
611 1415 694 1460 hoc
709 1420 776 1460 est
792 1432 942 1463 semen

215 1468 456 1522 spinosum,
485 1471 675 1524 proicies
705 1478 842 1527 26‚95.

186 1523 403 1568 trichitis
433 1526 554 1580 galla
585 1531 693 1580 7‚15.

186 1579 508 1624 trichomanes
531 1583 602 1624 vel
625 1584 835 1627 adianton
859 1591 939 1640 6,1.

187 1635 414 1679 triduana
442 1638 594 1682 unctio
627 1644 790 1693 16‚105.

185 1690 463 1734 trisextium
495 1697 660 1747 16‚103.

186 1746 444 1791 trisulcus:
489 1762 691 1803 gramen,
732 1753 849 1804 quod
893 1753 939 1795 in

215 1817 384 1845 summo
415 1803 647 1847 trisulcum
676 1807 873 1850 habebit.

188 1857 478 1912 troglodytis
488 1874 634 1914 myrra
645 1866 780 1915 1‚106.
799 1869 937 1916 8,214.

211 1918 304 1956 219.
321 1919 429 1967 9,91.
459 1920 591 1969 14,47.
621 1922 725 1971 16,1.
741 1923 778 1961 8.
797 1924 934 1972 22,37.

209 1973 346 2022 2232,
378 1975 515 2022 29‚61.

180 2025 333 2067 trulla
365 2031 497 2079 16,65.
531 2032 669 2081 36,50.

179 2080 378 2134 trygonz
396 2082 565 2137 spiculo
582 2084 794 2138 trygonis,
820 2099 933 2139 quae

213 2136 448 2189 pastinaca
478 2137 640 2181 dicitur
672 2144 808 2194 15,61.

181 2192 403 2236 tubulus=
427 2193 627 2237 includes
656 2196 806 2239 lanam
836 2210 936 2240 cum

212 2248 378 2291 semine
404 2250 540 2292 verris
562 2251 610 2293 in
632 2252 784 2306 lupino
803 2266 936 2297 aureo

205 2303 280 2345 vel
308 2304 465 2348 tubulo
497 2310 634 2359 29,51.

181 2358 326 2402 tubus
369 2362 438 2414 (=
478 2363 722 2404 membrum
766 2360 933 2418 virile):

212 2416 461 2469 stranguria
503 2418 601 2461 tubi
656 2418 936 2462 sustinebunt

208 2470 350 2524 Hipp.
376 2485 436 2525 ep.
463 2474 522 2515 ad
546 2475 687 2516 Maec.
714 2478 750 2516 9.
776 2474 934 2528 quibus

210 2526 344 2568 tubus
399 2529 702 2582 strangulatur
761 2532 934 2584 saepius

210 2584 316 2630 16,1.
350 2587 486 2635 33,33.

179 2636 292 2679 tura
321 2638 491 2692 (herba)
524 2644 658 2692 8,143.

179 2692 319 2735 turea
348 2693 478 2736 arbor
508 2700 644 2749 8,118.

1034 200 1272 245 turandus
1304 208 1525 258 30‚29.30.
1544 211 1611 249 31.

1034 257 1230 301 tusillae
1259 259 1397 314 Hipp.
1422 274 1483 315 ep.
1509 263 1568 306 ad
1586 263 1727 308 Maec.
1747 270 1786 307 7.

1033 395 1254 439 ulcerosa
1284 398 1481 442 auricula
1513 405 1620 454 9‚23.
1647 407 1712 446 76.
1742 418 1787 446 u.

1064 453 1198 504 caput
1226 456 1335 506 4,11.
1355 459 1422 497 30.

1034 507 1272 558 aurigare:
1304 512 1354 551 ut
1383 509 1560 554 lavacro
1584 511 1677 555 eius
1701 512 1785 556 sio-

1062 562 1172 604 citas
1208 564 1430 618 umigetur
1475 567 1604 611 Vind.
1643 582 1706 623 ep.
1744 575 1784 614 4.

1060 630 1114 659 ne
1156 618 1401 673 umigatum
1448 620 1661 666 infirmius
1707 624 1786 668 fiat

1061 673 1365 727 (medicamen)
1393 680 1532 730 2337.

1030 739 1305 772 umorosum
1334 734 1469 785 caput
1499 736 1610 786 5,11.

1031 785 1250 827 unctume
1273 787 1404 830 subet.
1423 788 1516 830 sine
1533 790 1625 831 ullo
1648 791 1784 833 uncto

1059 843 1167 892 8‚54.
1199 842 1251 892 cf.
1291 842 1437 896 Pelay.
1476 847 1500 884 2
1533 857 1578 897 p.
1618 849 1669 886 22
1710 859 1782 887 ca-

1058 897 1225 948 putque
1249 898 1294 939 et
1316 898 1442 950 spina
1466 900 1636 953 tepenti
1652 901 1784 954 adipe

1057 951 1130 991 vel
1160 953 1292 994 uncto
1321 952 1528 995 linentur.

1030 1007 1225 1057 ungena
1241 1007 1438 1050 discocta
1461 1013 1597 1063 2037.
1616 1011 1679 1064 pl.
1706 1025 1783 1054 un-

1059 1061 1205 1114 gellae
1236 1067 1373 1114 20‚26.

1029 1116 1202 1167 unger-i
1231 1118 1320 1159 cod.
1362 1122 1468 1170 1‚77.
1509 1122 1670 1172 16,105.
1702 1136 1781 1163 un-

1060 1184 1166 1224 geas
1199 1177 1276 1224 7,4.
1308 1173 1576 1227 inungeatur
1605 1180 1685 1228 8,1.
1715 1177 1781 1218 in-

1058 1226 1215 1280 ungeri
1231 1232 1311 1281 8,1.
1328 1227 1571 1283 inungueto
1589 1235 1696 1285 8,92.
1712 1236 1779 1275 95.

1056 1283 1322 1336 perungueri
1380 1289 1486 1337 14‚3.
1544 1287 1781 1340 perungeri

1058 1341 1193 1390 14,17.
1225 1340 1278 1391 cf.
1300 1340 1419 1382 Ptin.
1443 1343 1495 1383 de
1515 1343 1620 1385 med.
1646 1346 1710 1396 1‚1
1731 1357 1778 1397 p.

1058 1397 1107 1433 11
1139 1396 1200 1436 ed.
1233 1395 1335 1437 Ros.

1026 1449 1274 1502 unipeccia
1303 1451 1445 1494 urtica
1477 1455 1610 1506 15‚63.

1027 1515 1199 1556 usqum
1231 1519 1264 1547 c.
1295 1519 1381 1549 acc.
1407 1521 1544 1561 usque
1567 1509 1681 1551 veris
1705 1523 1780 1553 ae-

1055 1560 1327 1612 quinoctium
1338 1563 1475 1617 Hipp.
1489 1577 1550 1617 ep.
1561 1567 1620 1607 ad
1627 1567 1778 1610 ΑΜΒ.

1053 1629 1191 1668 usque
1222 1618 1350 1659 horas
1379 1619 1555 1671 prandii
1583 1624 1719 1675 26,35.

1025 1671 1265 1715 ustulare:
1318 1672 1496 1715 alumen
1538 1676 1777 1719 rotundum

1053 1726 1298 1769 ustulatum
1368 1734 1476 1783 31,7.
1550 1732 1780 1776 cucurbita

1051 1783 1251 1825 ustulata
1281 1787 1419 1837 31‚47.

1023 1838 1219 1881 usturae
1268 1852 1322 1881 ne
1368 1839 1597 1884 cicatrices
1641 1857 1776 1898 appa-

1050 1897 1178 1936 reant
1208 1894 1344 1936 etiam
1369 1897 1422 1938 de
1451 1899 1614 1944 usturis
1641 1903 1777 1952 19,40.

1022 1949 1095 1991 uti
1154 1963 1187 1992 c.
1246 1963 1354 1993 acc„-
1420 1952 1537 2005 quod
1594 1953 1660 1996 ita
1708 1955 1778 1998 uti

1052 2007 1225 2058 oportet
1262 2010 1343 2058 8,9.
1403 2009 1520 2061 quod
1570 2009 1775 2052 mulieres

1050 2061 1233 2103 utuntur
1277 2066 1440 2115 20‚115.
1499 2063 1773 2108 medicamen

1050 2129 1185 2170 usque
1209 2117 1265 2158 ad
1280 2118 1432 2160 horam
1448 2120 1622 2172 prandii
1638 2122 1774 2163 uteris

1051 2175 1216 2224 20,103.
1237 2172 1351 2215 hanc
1372 2176 1597 2227 potionem
1621 2175 1658 2217 si
1674 2175 1773 2229 quis

1050 2227 1197 2270 triduo
1228 2242 1330 2272 usus
1359 2230 1493 2272 fuerit
1523 2236 1659 2285 29,28.

1020 2366 1266 2410 vaccinus:
1306 2380 1405 2411 caro
1444 2383 1482 2411 v.
1515 2373 1652 2420 20,63.
1682 2383 1773 2412 me-

1050 2421 1174 2465 dulla
1205 2438 1243 2465 v.
1275 2427 1412 2475 8,179.
1451 2427 1614 2475 27‚103.
1645 2425 1771 2479 buty-

1049 2490 1145 2517 rum
1174 2492 1213 2520 v.
1239 2481 1375 2530 35‚13.
1401 2491 1550 2520 caseus
1574 2494 1613 2522 v.
1633 2485 1769 2532 27‚81.

1048 2532 1131 2573 lac.
1163 2546 1202 2575 v.
1236 2537 1397 2586 16‚105.

1021 2588 1216 2630 varulus
1247 2589 1275 2630 i.
1308 2602 1339 2631 e.
1380 2589 1617 2632 hordeolus
1656 2592 1772 2634 oculi

1048 2645 1321 2696 8,1611emm.
1347 2649 1440 2687 190.
1460 2649 1551 2689 191.
1571 2650 1663 2689 193.
1693 2660 1771 2690 va-

1047 2712 1118 2740 rus
1150 2703 1284 2752 8,192.
1302 2703 1394 2743 193.
