1898 3016
780 100 1155 149 -106—

167 242 220 273 ex
274 242 393 273 nuce
446 226 664 288 iuglande
715 227 990 274 instillatum
1044 227 1279 274 auriculae
1324 230 1510 289 gravius
1555 229 1764 276 audienti

83 297 304 344 119valde
341 297 547 357 prodest.
607 297 744 344 Cedri
782 300 936 344 resina
976 298 1142 358 hysopi
1179 298 1359 344 decocti
1392 313 1509 359 aqua
1541 299 1685 345 diluta
1717 305 1764 346 et

165 367 402 413 auriculae
452 367 617 413 indita·
652 369 834 414 sonitus
885 369 1179 428 tinnitusque
1230 382 1391 414 omnes
1443 368 1665 415 discutiet
1717 375 1763 415 et

83 443 351 500 12oavertet
389 436 611 483 dolorem.
677 436 773 484 Ova
804 437 1106 483 formicarum
1144 440 1344 484 contrita
1381 445 1428 484 et
1464 437 1656 484 auribus
1694 440 1761 485 in-

82 516 160 553 121
172 506 340 552 stillata
364 508 574 568 quamvis
598 506 824 553 obtunsos
848 507 1034 554 auditus
1059 507 1301 567 adaperire
1321 508 1594 554 creduntur.
1625 507 1762 555 Canis
1784 520 1804 552 5

164 576 306 637 adeps
351 591 458 623 cum
503 576 604 622 oleo
643 583 799 623 vetere
838 585 883 623 et
921 591 1034 623 suco
1073 576 1275 623 absinthi
1314 576 1506 623 auribus
1543 577 1762 624 instillata

164 660 458 707 quacumque
497 661 553 692 ex
585 660 722 692 causa
754 647 1028 692 exsurdatas
1058 661 1196 693 aures
1227 648 1344 693 miro
1376 647 1512 693 modo
1543 661 1761 708 reparare

80 716 394 763 122creditur.
468 716 759 762 Afronitrum
805 716 1187 763 delicatissimum
1233 723 1279 763 et
1322 717 1412 763 mel
1450 719 1678 778 optimum
1716 725 1763 763 et

163 792 346 832 acetum
384 788 665 832 acerrimum
703 793 919 832 conteres
956 788 1132 847 pariter
1169 801 1318 848 usque
1353 787 1408 833 ad
1442 802 1668 833 summam
1698 786 1761 833 le-

162 857 351 902 vitatem
383 862 430 902 et
460 855 695 902 auriculae
726 856 967 919 infundes,
998 871 1092 902 non
1117 856 1266 904 solum
1290 857 1500 903 auditum
1524 859 1761 917 restitues,
1786 870 1825 900 10

82 925 254 973 123sed
293 932 341 972 et
378 925 586 972 dolorem
625 926 902 972 emendabit.
967 926 1136 972 Parum
1176 926 1417 973 audientes
1455 933 1638 974 acetum
1673 927 1761 973 uti-

79 995 277 1042 124liter
307 996 599 1056 gargalizant.
654 995 702 1042 Si
735 996 920 1057 aliquod
952 995 1121 1042 animal
1151 1011 1309 1043 aurem
1341 997 1599 1058 intraverit,
1630 1011 1759 1057 prae-

162 1067 351 1126 cipuum
385 1065 644 1111 remedium
676 1073 746 1112 est
777 1067 1015 1112 murinum
1043 1066 1104 1112 fel
1127 1073 1257 1112 aceto
1290 1065 1489 1113 dilutum
1521 1065 1761 1112 instillare.

79 1134 286 1183 125Gliri
329 1150 412 1181 seu
456 1135 626 1181 blattae
672 1135 806 1195 pellis
845 1136 1109 1182 detrahitur
1146 1142 1194 1182 et
1230 1138 1449 1182 intestina
1487 1138 1589 1182 eius
1626 1135 1760 1182 deco·

162 1211 372 1265 quuntur
421 1206 469 1251 in
514 1219 622 1251 vaso
670 1220 807 1252 aereo
852 1220 971 1252 novo
1017 1220 1125 1252 cum
1169 1205 1320 1252 mellis
1364 1206 1564 1252 heminis
1607 1205 1760 1252 tribus
1784 1217 1824 1248 15

161 1288 311 1335 usque
364 1275 418 1320 ad
472 1277 635 1321 tertias
687 1281 826 1336 atque
878 1277 941 1321 ita
994 1281 1226 1338 servatur,
1278 1281 1332 1321 ut
1375 1290 1480 1322 cum
1527 1290 1645 1336 opus
1689 1282 1762 1322 est

77 1345 337 1404 126strigili
373 1345 764 1391 medicamentum
802 1345 1085 1406 tepefactum
1124 1345 1316 1392 auribus
1357 1345 1643 1392 infundatur.
1710 1345 1761 1391 Si

161 1429 268 1460 caro
300 1417 501 1461 creverit
531 1416 578 1460 in
610 1414 846 1461 auriculae
877 1415 1117 1477 foramine,
1149 1416 1469 1475 conprimetur
1500 1417 1600 1462 sine
1633 1415 1759 1462 ferro

161 1491 206 1530 et
237 1485 396 1530 dolore
428 1485 734 1531 medicamine
766 1485 867 1531 tali:
906 1485 1134 1531 Aluminis
1157 1486 1344 1531 unciam
1368 1487 1625 1548 semissem,
1643 1487 1760 1547 misy

160 1555 255 1600 usti
291 1580 358 1587 ——
392 1554 437 1617 S,
477 1555 714 1614 Sinopidis
752 1555 968 1601 rubricae
1007 1581 1073 1587 —
1107 1555 1159 1615 S,
1196 1557 1397 1616 gummis
1434 1581 1502 1587 ——
1542 1555 1595 1618 ὃς
1633 1557 1758 1602 tritis
1782 1568 1823 1598 20

160 1626 330 1670 ceteris
362 1639 418 1670 ex
449 1631 581 1670 aceto
613 1626 711 1671 acri
741 1631 787 1671 et
817 1624 872 1670 ad
905 1626 1053 1671 instar
1088 1624 1270 1686 collyrii
1299 1625 1509 1686 levigatis
1539 1639 1756 1685 gummen

160 1694 469 1757 admiscetur,
514 1702 566 1740 ut
610 1694 784 1755 pastilli
828 1709 1000 1755 corpus
1038 1695 1229 1757 efficiat,
1274 1702 1319 1741 et
1358 1697 1480 1741 sicut
1517 1695 1759 1756 collyrium

158 1766 322 1810 tritum
354 1767 689 1825 superponitur
720 1770 799 1810 aut
829 1765 1113 1827 infunditur3
1150 1765 1239 1811 hoc
1270 1770 1317 1811 et
1347 1765 1497 1811 dolori
1526 1771 1572 1811 et
1602 1767 1760 1826 putori

78 1840 213 1882 127et
251 1834 433 1880 vulneri
470 1834 684 1880 medetur
722 1834 971 1881 auriculae.
1038 1834 1270 1881 Corticem
1308 1835 1364 1881 de
1403 1835 1583 1881 fraxino
1622 1835 1760 1881 viridi

160 1904 395 1950 contunde
427 1919 479 1950 ac
511 1919 676 1950 sucum
710 1906 812 1950 eius
843 1904 1050 1965 tepidum
1076 1905 1310 1951 auriculae
1335 1905 1526 1950 adsidue
1551 1905 1758 1966 infunde,
1781 1916 1822 1948 25

75 1973 314 2020 128donec
352 1980 642 2034 persanetur.
706 1974 809 2034 Mel,
848 1989 1063 2037 myrram,
1102 1981 1283 2021 acetum
1323 1977 1370 2020 in
1410 1989 1459 2020 se
1498 1989 1672 2035 coques
1711 1981 1759 2021 et

75 2045 213 2090 129in
259 2058 419 2090 aurem
464 2044 674 2104 tepidum
720 2046 890 2090 mittes
964 2044 1251 2091 Afronitrum
1291 2045 1672 2090 delicatissimum
1711 2053 1758 2090 et

158 2113 248 2159 mel
286 2115 514 2173 optimum
553 2122 599 2160 et
629 2120 812 2160 acetum
844 2116 1124 2161 acerrimum
1155 2121 1370 2161 conteres
1401 2117 1576 2175 pariter
1608 2129 1756 2175 usque

158 2183 212 2229 ad
267 2183 501 2229 levitatem
552 2190 598 2230 et
643 2185 925 2245 tepefactum
973 2184 1206 2231 auriculae
1252 2184 1482 2231 infundes.
1557 2183 1756 2245 Propter

74 2263 154 2300 130
166 2253 382 2299 effectum
407 2253 693 2300 medicamen
720 2256 890 2300 iterum
915 2256 1202 2315 scripsimus,
1247 2254 1382 2300 Porri
1405 2255 1565 2300 sectivi
1590 2268 1754 2300 sucum
1778 2266 1819 2297 30

158 2329 205 2369 et
241 2323 404 2370 lotium
444 2325 545 2384 apri
583 2330 629 2370 et
667 2325 818 2370 oleum
858 2326 1102 2386 cyprinum
1132 2326 1231 2385 pari
1263 2324 1467 2384 pondere
1499 2325 1754 2384 coniunges

76 2400 212 2438 131et
256 2394 539 2454 tepefactum
585 2394 777 2440 auribus
822 2393 1082 2440 instillabis.
1156 2393 1380 2456 Herbam,
1427 2408 1543 2455 quae
1582 2393 1754 2440 Gallice

158 2470 377 2509 vernetus
415 2463 601 2526 dicitur,
639 2470 854 2510 conteres
886 2470 933 2510 et
963 2465 1195 2524 exprimes
1226 2471 1274 2510 et
1305 2478 1469 2510 sucum
1501 2465 1601 2509 eius
1633 2466 1754 2510 auri-

269 2586 293 2623 2
331 2583 473 2636 ysopi.
619 2589 643 2625 5
682 2582 834 2625 audito
871 2584 1086 2637 adperire.
1232 2587 1281 2623 12
1314 2583 1600 2638 gargaligant
1642 2586 1750 2639 (sic).

161 2641 210 2678 13
243 2640 430 2679 acetum.
558 2644 608 2680 19
640 2638 752 2681 misi.
869 2644 922 2680 20
952 2639 1117 2692 senopi.
1233 2638 1432 2680 rubricae
1465 2653 1542 2681 om.
1651 2644 1753 2694 post

155 2693 345 2746 gummis
378 2718 427 2723 —
456 2693 483 2735 S
515 2696 615 2737 add.
647 2696 804 2737 rubrae
835 2719 887 2726 --
913 2694 954 2737 S.
1056 2699 1110 2737 25
1140 2694 1329 2738 assidue.
1431 2699 1484 2738 33
1508 2701 1610 2750 post
1639 2697 1752 2738 auri-

156 2750 283 2791 culae
316 2750 414 2792 add.
449 2762 574 2802 quae.
