1930 3008
822 87 1066 138 —403
1143 114 1201 122 —

216 208 396 263 primea
427 208 566 263 Hipp.
603 222 666 263 ep.
703 209 764 252 ad
791 209 897 252 Ant.
930 212 967 253 1.

242 268 352 318 9,27.
384 269 521 317 20,73.
553 268 688 315 34,21.

214 320 480 374 prlmipara
508 319 666 362 mulier
696 323 833 372 8‚166.

215 375 493 430 primitivus
558 387 714 430 porrus
774 375 968 419 sectivus

213 487 526 540 prognostica
539 485 587 526 id
604 488 671 528 est
685 498 967 540 praecurren-

244 541 312 584 tia.
326 541 438 584 vitia
453 542 593 595 Hipp.
609 555 672 596 ep.
689 542 748 584 ad
772 542 913 584 Maec.
929 547 970 585 4.

218 608 508 651 propensum
533 598 729 640 cocleare
749 602 887 651 22,23.
904 611 969 651 pr.

244 653 431 705 cyathus
445 657 582 703 23‚69.
601 652 815 696 sextarius
833 657 968 706 16,49.

215 708 460 761 proptosis
491 712 571 759 8,6.

211 763 564 817 proserpinalis
635 764 795 816 herba,
855 777 968 816 quae

241 817 408 860 Graece
453 818 759 870 draconteum‚
798 817 967 861 Gallice

237 873 419 926 gigarus
450 873 702 928 appellatur
734 878 868 927 10‚58.
897 879 962 927 15,

215 984 417 1038 prurigo
426 995 440 1026 e
449 983 697 1038 prurigines
710 984 868 1038 capitis
880 991 961 1038 4,6.

239 1045 276 1082 7.
293 1041 517 1082 oculorum
529 1044 638 1091 8,77.
657 1045 855 1083 137.138.
868 1046 960 1083 141.

238 1095 433 1148 corporis
445 1095 586 1148 Hipp.
605 1108 668 1148 ep.
686 1097 744 1138 ad
761 1097 814 1138 M
820 1109 905 1138 aec.
923 1101 961 1139 7.

210 1150 597 1204 pseudocalidum
669 1152 963 1194 medicamen-

234 1207 330 1247 tum
360 1210 496 1253 3684.

207 1261 542 1314 pseudofiavus
571 1261 693 1304 color
721 1266 858 1314 8,128.

205 1316 600 1370 pseudoliquidus
632 1321 739 1367 16,8.
759 1322 824 1359 12.

204 1372 514 1425 psittacinum
544 1372 775 1425 collyrium
805 1377 887 1426 8,6.

205 1427 447 1480 psoricum
477 1431 585 1480 8,69.
605 1432 696 1471 125.

205 1483 360 1536 pteris
395 1483 534 1525 herba
577 1483 624 1525 id
667 1485 736 1525 est
778 1484 956 1537 filicula,

233 1551 345 1591 quae
410 1539 520 1580 ratis
579 1539 747 1581 Gallice
799 1539 958 1582 dicitur

232 1598 369 1645 25‚37.

204 1649 528 1702 pthisic116‚7.
549 1654 613 1693 14.
631 1654 697 1692 59.
717 1654 781 1693 61.
801 1655 866 1693 62.
888 1655 954 1694 64.

233 1708 299 1747 65.
318 1709 384 1748 67.
403 1710 469 1747 89.
485 1710 550 1747 90.
569 1710 634 1747 91.
653 1709 718 1748 93.
759 1711 866 1759 17,3.
887 1711 953 1749 52.

230 1764 366 1811 20‚18.

201 1815 376 1868 pthisis
407 1819 545 1867 16,14.
578 1820 642 1858 60.
675 1821 740 1858 63.
767 1821 831 1858 66.
865 1830 951 1859 acc.

228 1869 396 1922 pthisin
414 1875 548 1922 14‚50.
580 1870 764 1924 pthisim
784 1876 950 1924 20‚117.

200 1925 391 1978 ptisana
419 1930 666 1978 20,3.4.11.
688 1931 779 1968 128.
813 1932 950 1978 27,22.

229 1985 295 2022 30.
328 1985 464 2029 3044.
489 1985 624 2034 31,11.
650 1984 798 2024 tisana
815 1986 950 2035 10,17.

230 2041 294 2079 18.
328 2041 463 2089 14,36.
481 2041 546 2078 42.

198 2147 460 2198 quamlibet
488 2150 560 2201 (=
584 2150 804 2202 quamvis)
839 2154 946 2202 13,8.

228 2206 363 2254 16,21.
418 2207 552 2257 17‚38.
598 2208 734 2256 22‚42.
781 2210 947 2259 27‚131.

223 2262 361 2310 36‚58.

198 2314 374 2365 quanto
384 2315 490 2367 (um)
506 2327 540 2356 c.
558 2327 690 2368 comp.
711 2328 791 2368 pro
815 2329 947 2369 quam

225 2381 260 2410 c.
275 2370 455 2422 supera:
477 2369 670 2412 radicem
690 2384 824 2414 unam
849 2385 946 2414 cau-

224 2422 281 2464 lis
303 2427 467 2476 quanto
485 2426 768 2479 ampliorem
756 2441 802 2468 in
819 2428 946 2469 furno

230 2477 416 2521 siccabis
462 2485 498 2533 ’1,
503 2486 527 2523 6
572 2481 737 2524 caricas
783 2485 947 2535 quanto

223 2533 439 2586 nigriores
471 2513 507 2588 7²,
513 2540 576 2579 14.
631 2539 796 2590 quanto
849 2538 948 2581 dili—

223 2589 397 2642 gentius
426 2593 519 2633 tere
551 2596 615 2645 19,
619 2597 684 2635 40.
716 2598 783 2647 29,
789 2598 853 2636 19.

197 2645 448 2696 quantum·
468 2625 679 2699 quant’um
699 2648 829 2692 fabae
837 2649 946 2703 Aeg.

222 2701 483 2754 magnitudo
494 2703 678 2758 est1‚.20
690 2709 743 2747 20
747 2710 824 2758 ,.90
836 2710 902 2760 26,
907 2711 945 2748 3.

1083 212 1193 261 283,
1241 211 1378 260 30,23.
1433 208 1645 261 quantum
1689 209 1808 251 avel-

1083 264 1213 306 lanae
1244 266 1312 305 est
1348 263 1606 317 magnitudo
1640 268 1804 316 20‚115.

1084 333 1124 372 q.
1155 319 1286 361 fabae
1315 319 1526 361 nostratis
1553 319 1709 361 modus
1741 326 1808 362 est

1084 379 1192 427 23,9.
1211 389 1251 428 q.
1269 388 1357 416 nux
1380 374 1586 417 avellana
1605 376 1674 417 est
1696 380 1804 428 27‚6.

1082 435 1149 472 37.
1185 435 1322 484 29,12.
1355 435 1488 480 30‚28.
1526 445 1568 484 q.
1605 429 1709 473 faba
1739 434 1808 473 est

1084 490 1219 539 11,35.
1252 490 1389 538 22‚16.
1421 500 1460 539 q.
1486 486 1545 528 sit
1573 485 1689 527 libra
1717 499 1806 528 una

1086 546 1191 593 1,23.
1246 545 1456 595 quantum
1507 541 1622 584 cicer
1665 547 1805 594 20,24.

1084 602 1194 651 26,1.
1213 602 1250 639 2.
1273 611 1361 639 nux
1377 596 1583 639 avellana,
1598 601 1707 650 29,5.
1733 611 1806 640 co-

1084 652 1238 695 cliaria
1253 653 1340 694 tria
1357 657 1464 706 29,4.
1496 656 1710 706 quantum
1726 653 1804 696 bo-

1082 721 1187 749 num
1217 711 1393 750 tantum
1422 708 1578 751 melius
1608 713 1745 762 36,49.

1056 764 1428 815 querimoniam:
1447 765 1511 818 pl.
1528 763 1804 818 querimonia

1082 832 1197 861 vana
1238 822 1284 862 et
1317 820 1549 862 innumera
1583 820 1803 862 refrenare

1085 874 1215 918 Vind.
1248 887 1309 928 ep.
1344 879 1380 918 1.

1049 930 1375 983 quindecimus
1405 935 1513 984 36‚5.

1049 985 1380 1093 (Ῑὲιέιέἒιιθῐωίιι
1468 986 1606 1028 herba
1685 989 1796 1040 12,1.

1050 1097 1249 1148 quisque
1273 1097 1359 1158 pL:
1389 1097 1592 1139 remediis
1619 1096 1798 1150 quibus-

1076 1164 1160 1204 que
1191 1150 1464 1205 adscripsero
1491 1153 1580 1205 prs.
1612 1157 1651 1195 5.

1047 1217 1236 1259 quoquo
1265 1207 1352 1249 loci
1381 1206 1545 1250 fuerint
1575 1212 1642 1261 33,
1646 1213 1683 1250 3.

1046 1273 1290 1315 quousque
1356 1264 1426 1316 (=
1457 1263 1619 1316 quoad)
1689 1267 1798 1315 6‚25.

1074 1322 1180 1370 7‚19.
1219 1322 1327 1371 8‚74.
1370 1322 1505 1372 20,54.
1553 1324 1662 1371 22,6.
1703 1323 1798 1373 23,7

1072 1376 1152 1416 etc.

1041 1484 1238 1527 rafanus
1255 1489 1363 1536 4,42.
1383 1489 1638 1538 9,13.16,78.
1658 1489 1794 1540 19,53.

1071 1544 1211 1592 28,63.
1245 1545 1379 1594 30,57.

1041 1596 1302 1638 ramicosus
1332 1600 1548 1648 33,23.25.
1565 1601 1631 1639 51.

1040 1652 1339 1694 ramusculus
1369 1657 1450 1703 3,8.
1484 1656 1618 1704 16,91.

1039 1717 1214 1750 rancor
1243 1706 1461 1749 stomachi
1491 1712 1629 1760 20,63.

1038 1773 1157 1815 rapa
1186 1766 1350 1815 2o‚115.
1382 1767 1518 1815 22‚1s.

1037 1828 1255 1860 rasamen
1282 1820 1450 1871 pastae,
1481 1819 1598 1871 quod
1620 1819 1666 1860 in
1695 1832 1787 1861 ma-

1065 1873 1166 1926 gide
1183 1873 1396 1915 adhaeret
1414 1878 1520 1926 1‚38.
1538 1889 1570 1917 r.
1582 1875 1634 1916 de
1652 1887 1788 1918 cornu

1066 1930 1182 1970 cervi
1214 1933 1350 1982 17‚29.

1036 1995 1221 2026 rasum:
1238 1998 1374 2026 unum
1391 1985 1587 2027 cocleare
1604 1985 1786 2038 plenum

1064 2040 1135 2080 vel
1166 2040 1202 2081 si
1232 2041 1347 2082 vires
1384 2040 1644 2082 infirmiores
1686 2045 1789 2084 sunt

1063 2108 1224 2149 rasum,
1254 2096 1300 2138 id
1324 2098 1391 2138 est
1416 2097 1634 2138 ruclatum
1658 2096 1786 2139 dabis

1064 2155 1200 2203 22‚14.
1244 2151 1390 2194 Genus
1418 2165 1640 2194 mensurae
1668 2153 1790 2207 iquo-

1062 2210 1163 2247 tum.
1196 2208 1249 2258 cf.
1281 2207 1492 2260 Ducanqe
1515 2219 1548 2249 s,
1570 2208 1611 2249 h.
1635 2221 1672 2249 v.

1033 2261 1343 2304 rationabilia
1357 2263 1680 2304 medicamenta
1693 2264 1785 2318 prs.

1063 2320 1098 2359 1.
1130 2319 1408 2369 8‚1161emm.
1449 2322 1526 2360 161
1552 2319 1683 2361 lemm.
1734 2323 1786 2361 10

1061 2373 1192 2415 zemm.
1226 2377 1275 2413 11
1301 2375 1451 2427 lemm,
1472 2375 1657 2427 saepius.

1032 2428 1329 2480 refrigerare
1345 2431 1470 2472 into-‚2
1488 2443 1587 2471 cum
1603 2429 1784 2483 refrige-

1060 2484 1225 2526 raverit
1245 2489 1383 2538 20‚73,
1401 2489 1537 2539 30,49.
1568 2483 1785 2538 refrigue-

1062 2539 1123 2581 rit
1150 2545 1285 2591 36,49.

1032 2595 1364 2639 remediabilis
1386 2598 1614 2651 unguenta
1653 2596 1783 2639 Vind.

1061 2663 1124 2703 ep.
1156 2656 1195 2694 4.

1033 2707 1295 2749 remediare
1314 2711 1421 2760 1,57.
1440 2712 1624 2761 9‚11.71.
1645 2711 1782 2763 10,59.

1362 2778 1447 2819 20*
