1898 3016
741 125 1123 176 —153—

142 255 294 312 omnia
344 253 459 300 haec
510 252 864 314 diligentissime
917 254 1026 300 trita
1078 259 1125 300 et
1173 252 1309 299 melle
1362 252 1555 300 collecta
1605 252 1728 300 labo-

141 325 263 371 ranti
299 322 535 370 dabuntur
573 337 791 370 mensura
828 337 882 370 ac
919 325 1099 370 ratione
1135 324 1212 385 ita,
1253 328 1306 369 ut
1342 328 1475 369 terna
1513 323 1729 370 cocliaria

140 394 326 440 ieiunus
363 393 572 454 accipiat.

793 543 917 591 CAP.
957 543 1071 591 XVI.

137 632 223 675 Ad
259 643 442 675 omnes
477 632 750 675 molestias
784 632 948 674 tussis
985 634 1040 675 et
1075 632 1281 675 subitae
1315 634 1370 674 et
1399 631 1635 675 diutinae
1666 642 1729 675 ac

137 704 382 745 vetustae
405 703 459 744 et
479 701 648 744 siccae
678 704 842 755 atque
868 701 1084 744 umidae
1108 703 1163 744 et
1184 703 1253 744 ad
1281 701 1535 755 pthisicos
1564 703 1727 755 atque

138 781 229 814 eos
265 771 360 824 qui
394 771 873 824 sanguinulentum
909 773 965 813 et
999 771 1352 824 purulentum
1386 773 1639 814 excreant
1674 773 1731 813 et

137 841 207 883 ad
257 840 524 893 empyicos
574 840 663 883 vel
711 840 1112 893 pleumoniacos
1170 842 1332 894 atque
1388 851 1479 882 eos
1531 840 1728 893 quibus

137 919 266 953 casu
303 910 655 963 sanguisugae
693 910 834 952 intra
877 910 1215 952 stomachum
1254 909 1572 963 inrepserint
1607 919 1728 952 nec-

136 990 246 1022 non
283 981 338 1022 et
372 979 441 1021 ad
477 978 738 1022 stomachi
774 979 1059 1021 stridorem
1103 981 1158 1021 et
1192 989 1260 1021 ne
1296 979 1473 1021 media
1510 978 1730 1021 doleant

341 1048 576 1091 remedia
611 1048 831 1102 physica
869 1050 922 1091 et
956 1047 1289 1091 rationabilia
1326 1048 1536 1091 diversa

684 1119 751 1160 de
789 1117 1181 1172 experimentis.

276 1223 493 1271 Pastillus
530 1223 584 1270 ad
624 1230 801 1271 tussem
839 1229 886 1270 et
923 1223 1280 1270 destillationem
1311 1225 1516 1284 pectoris
1552 1230 1598 1270 et
1627 1224 1727 1285 pul-

73 1305 94 1336 5
139 1294 290 1339 monis
334 1301 381 1340 et
424 1293 480 1340 ad
527 1293 773 1354 epiphoras
818 1292 1060 1339 oculorum
1105 1299 1151 1339 et
1198 1295 1378 1339 vesicae
1425 1293 1633 1339 dolorem
1682 1300 1728 1340 ct

138 1362 308 1423 quibus
353 1362 494 1409 tubus
544 1363 861 1424 strangulatur
906 1364 1092 1423 saepius
1137 1370 1183 1408 et
1228 1377 1321 1408 non
1370 1364 1470 1409 sine
1515 1364 1727 1409 cruciatu

135 1433 318 1478 urinam
365 1432 562 1494 faciunt,
606 1434 717 1478 item
755 1432 811 1478 ad
857 1446 958 1494 eos,
1004 1434 1085 1492 qui
1122 1433 1395 1492 sanguinem
1433 1447 1514 1478 ore
1551 1434 1728 1479 eiciunt

136 1508 215 1547 aut
258 1515 343 1561 per
387 1503 567 1548 urinam
605 1501 830 1563 reddunt,
874 1501 930 1547 ad
975 1501 1283 1547 deiectionem
1322 1516 1507 1562 quoque
1555 1501 1645 1548 alvi
1681 1509 1728 1548 et

136 1568 192 1616 ad
228 1572 427 1616 tormina
466 1577 513 1616 et
549 1571 834 1631 gravidinem
872 1572 1048 1617 ventris
1082 1577 1129 1617 et
1158 1570 1391 1617 choleram
1423 1578 1470 1617 et
1500 1571 1728 1618 stomachi

71 1651 111 1681 10
135 1638 346 1686 crebram
387 1654 627 1700 nauseam,
675 1654 791 1701 quae
829 1654 936 1686 cum
974 1642 1151 1686 vomitu
1189 1641 1288 1686 sine
1327 1640 1447 1686 febri
1484 1642 1727 1704 excitatur,

134 1708 261 1755 utilis
306 1714 377 1755 est
422 1715 469 1755 et
513 1709 740 1770 quidquid
784 1711 978 1770 reprimi
1016 1716 1061 1756 et
1099 1711 1266 1755 siccari
1302 1716 1511 1772 oportet,
1553 1711 1725 1771 optime

135 1780 395 1839 conpescit3
439 1784 680 1839 praeterea
721 1779 830 1825 facit
867 1785 913 1825 et
950 1779 1005 1825 ad
1043 1780 1251 1825 omnium
1282 1781 1485 1839 partium
1516 1781 1727 1840 corporis

135 1845 342 1892 dolorem
379 1853 565 1907 praeter
603 1849 787 1910 capitis;
827 1850 939 1909 quin
970 1849 1108 1896 etiam
1144 1850 1184 1894 si
1215 1848 1398 1908 quando
1430 1848 1626 1895 alicuius
1656 1849 1727 1895 rei

136 1929 273 1962 causa
312 1915 470 1962 datum
509 1917 674 1979 fuerit,
722 1917 834 1963 aliae
880 1919 950 1963 rei
995 1919 1105 1963 vitio
1145 1932 1235 1963 non
1275 1919 1366 1963 erit
1401 1918 1490 1964 hoc
1527 1918 1725 1964 medica-

74 1996 114 2027 15
135 1991 357 2031 mentum.
425 1985 540 2032 Cum
585 1992 738 2032 autem
777 1986 832 2032 ad
871 1988 1044 2048 omnia,
1083 2001 1200 2047 quae
1239 2001 1381 2047 supra
1418 1987 1534 2049 dixi,
1578 1989 1725 2034 mani-

135 2054 251 2100 feste
288 2056 457 2116 prosit,
500 2061 599 2101 tum
637 2057 887 2116 praecipue
924 2057 980 2102 ad
1025 2057 1155 2102 initia
1192 2056 1401 2116 pthiseos
1437 2056 1557 2103 bene
1595 2057 1726 2119 facit3

134 2123 306 2170 multos
344 2126 467 2170 enim
498 2126 671 2184 eripuit
702 2139 757 2171 ex
788 2139 952 2186 magno
983 2125 1192 2185 periculo
1226 2126 1463 2172 interdum
1493 2125 1566 2172 bis
1597 2133 1725 2173 terve

135 2192 269 2239 datus
307 2193 383 2239 hic
420 2194 653 2255 pastillus,
691 2196 860 2254 recipit
897 2200 1050 2240 autem
1088 2194 1223 2240 haec:
1274 2194 1455 2255 Myrrae
1493 2195 1725 2256 troglody-

134 2261 256 2308 tidos
295 2261 334 2307 X
364 2262 434 2324 VI,
473 2265 601 2309 croci
637 2263 677 2309 X
707 2263 756 2326 V,
794 2265 916 2310 turis
948 2263 988 2309 X
1017 2263 1067 2325 V,
1106 2266 1199 2324 opii
1229 2263 1268 2309 X
1298 2263 1396 2326 1111,
1435 2264 1597 2311 alterci
1634 2264 1725 2310 albi

73 2341 114 2372 20
137 2333 325 2377 seminis
362 2331 402 2376 X
433 2331 537 2394 1111,
583 2332 862 2393 Apollinaris
911 2332 1082 2379 herbae
1121 2333 1291 2379 radicis
1329 2335 1520 2380 corticis
1557 2333 1725 2380 XIIII.

136 2399 450 2447 Contunditur
486 2401 599 2448 haec
638 2407 797 2449 cortex
835 2416 918 2462 per
956 2417 1005 2448 se
1044 2409 1090 2448 et
1123 2402 1357 2448 cribratur
1394 2404 1522 2449 tenui
1556 2402 1726 2465 cribr0‚

248 2538 272 2575 2
302 2547 530 2576 mensurae
559 2536 746 2578 ratione.

247 2590 334 2631 tit..-
363 2589 599 2632 melestias.
715 2590 1038 2645 sanguisugiae.

249 2649 273 2686 9
298 2645 487 2687 cholera.
577 2651 628 2688 10
649 2647 873 2689 vomitum.
968 2652 1014 2687 11
1043 2646 1220 2700 oportit.
1302 2651 1352 2688 13
1382 2648 1510 2690 verba
1539 2647 1725 2689 alicuius

134 2698 199 2740 rei
228 2712 360 2742 causa
389 2701 429 2742 d.
457 2701 486 2744 f.
519 2701 633 2743 aliae
663 2704 728 2744 rei
757 2706 962 2756 corrupta
987 2715 1071 2744 esse
1093 2703 1305 2744 videntur.
1424 2708 1474 2744 16
1504 2701 1724 2757 pthiseos]

51 2756 54 2759 ’
133 2754 357 2808 pthisicos.
480 2761 531 2799 18
560 2758 891 2811 trocloditydos.
1007 2762 1061 2799 20
1094 2758 1315 2800 corticem.
1430 2763 1481 2802 21
1515 2757 1667 2801 cortiX.
