1898 3016
768 126 1079 176 -9-

130 268 298 302 venere
324 268 509 316 quoque
533 253 875 316 abstinendum,
907 255 1094 314 parcius
1119 255 1256 301 etiam
1279 254 1595 302 ieiunandum.
1651 255 1721 301 Ab

129 325 218 372 hoc
250 338 418 371 rursus
449 331 672 386 tempore,
712 324 758 370 id
790 331 862 371 est
891 338 916 369 a
947 323 1030 370 1111
1060 323 1167 370 idus
1197 323 1496 387 Novembres,
1531 326 1721 386 sanguis

130 394 306 456 deficit3
344 396 560 454 congruit
597 395 741 455 igitur
777 393 1028 440 levioribus
1067 393 1184 440 cibis
1217 395 1297 451 uti,
1334 395 1439 440 vino
1479 394 1721 456 indulgere

130 478 215 511 nec
253 478 342 510 usu
375 466 560 510 venerio
592 463 826 510 abstinere
857 465 906 510 in
937 462 1037 510 VIII
1068 462 1164 510 Kal.
1197 462 1391 526 Ianuar.,
1430 478 1485 510 ex
1525 479 1616 525 quo
1655 466 1722 511 in-

87 546 107 578 5
130 535 243 596 cipit
274 539 458 594 tempus
488 532 751 580 hibernum.
810 532 949 596 Haec,
987 539 1040 580 ut
1071 533 1179 591 dixi,
1217 532 1470 580 observans
1500 534 1723 581 incolumi

130 604 353 664 sospitate
390 604 510 650 vitae
549 604 696 664 spatia
734 609 1032 650 transcurres
1077 617 1164 649 nec
1209 602 1301 649 ulla
1345 600 1578 665 indigebis
1616 605 1721 650 visi-

129 674 304 720 tatione
335 678 415 720 aut
452 674 692 720 curatione
729 672 1031 719 medicorum.

198 839 461 902 Epistula
501 838 608 885 alia
646 839 899 885 eiusdem
936 838 1306 901 Hippocratis
1344 854 1408 886 ex
1446 839 1659 887 Graeco

522 908 800 955 translata
837 909 900 955 ad
938 908 1328 956 Maecenatem.

270 1020 418 1075 Quem
443 1022 625 1081 roganti
649 1020 734 1067 tibi
756 1019 964 1067 libellum
988 1021 1196 1084 promisi,
1228 1021 1355 1066 omni
1379 1035 1492 1067 cura
1516 1020 1720 1068 adhibita

130 1090 417 1151 descriptum
469 1091 599 1152 misi,
652 1090 1051 1137 ordinatissimum
1106 1096 1212 1137 tuae
1259 1090 1420 1137 salutis
1465 1091 1722 1153 custodem,

66 1173 106 1203 10
130 1174 268 1222 quem
318 1159 510 1206 debebis
554 1167 648 1206 tam
693 1159 940 1221 diligenter
983 1161 1160 1206 intueri
1204 1174 1340 1221 quam
1388 1162 1592 1222 scriptus
1638 1169 1722 1208 est.

129 1230 198 1276 Ad
244 1232 531 1276 curationem
578 1231 700 1275 enim
745 1231 957 1290 corporis
1002 1231 1072 1276 tui
1118 1231 1271 1275 omnia
1318 1230 1554 1291 explorata
1599 1236 1722 1293 sunt,

130 1314 246 1361 quae
279 1314 384 1346 cum
409 1313 566 1346 rerum
591 1299 758 1346 effectu
783 1300 976 1360 conperi
999 1298 1308 1360 celeriterque
1333 1299 1589 1361 conplexus
1606 1314 1723 1347 sum.

129 1369 308 1416 Intueri
342 1383 452 1430 ergo
484 1383 669 1415 omnem
699 1369 957 1415 medicinae
988 1370 1216 1415 rationem
1248 1368 1454 1416 debebis.
1513 1369 1723 1431 Namque

131 1453 214 1500 ego
247 1439 461 1499 diligenti
491 1453 616 1500 cura,
654 1438 764 1485 licet
795 1452 975 1485 summa
1006 1438 1246 1500 brevitate,
1278 1439 1600 1500 conprehendi
1630 1441 1722 1486 sin-

67 1520 107 1552 15
131 1508 235 1569 gula
282 1510 577 1555 curationum
614 1522 798 1570 genera,
837 1509 959 1554 sicut
997 1509 1207 1568 proxime
1245 1509 1294 1554 in
1332 1522 1386 1554 eo
1424 1508 1580 1554 libello
1619 1509 1723 1566 feci,

131 1593 270 1639 quem
299 1577 486 1624 Caesari
515 1584 676 1624 nostro
707 1592 864 1624 coram
894 1583 940 1623 te
971 1577 1163 1624 tradidi:
1197 1592 1311 1638 quas
1342 1579 1609 1624 curationes
1639 1593 1724 1639 per

129 1653 273 1695 temet
296 1649 450 1708 ipsum
474 1649 718 1694 aestimare
742 1649 934 1710 poteris,
959 1646 1250 1708 sapientibus
1274 1649 1397 1694 enim
1422 1649 1540 1694 ratio
1564 1650 1724 1694 venire

129 1719 176 1764 in
215 1717 462 1764 consilium
491 1717 715 1764 adsuevit.
774 1716 921 1764 Omne
958 1718 1115 1778 itaque
1151 1731 1322 1778 corpus
1352 1717 1608 1781 hominum,
1645 1733 1723 1779 pe-

130 1787 302 1834 cudum
333 1787 601 1850 alitumque,
632 1801 688 1833 ex
719 1792 940 1848 quattuor
970 1786 1222 1847 generibus
1253 1793 1448 1850 constat,
1480 1788 1562 1834 sed
1592 1802 1723 1848 prae-

69 1868 109 1899 20
133 1858 269 1917 cipue
307 1857 569 1903 hominum:
607 1856 778 1919 calido,
815 1855 1005 1919 frigido,
1044 1858 1167 1903 sicco
1207 1862 1253 1903 et
1289 1857 1461 1903 umido.
1535 1856 1724 1918 Frigido

134 1928 256 1973 enim
287 1927 589 1973 continentur
611 1927 804 1987 viscera,
834 1926 958 1972 unde
989 1928 1242 1986 spiramus:
1273 1925 1425 1972 calore
1457 1928 1725 1973 continetur

133 1998 297 2059 anima,
330 2011 420 2057 qua
451 1997 660 2059 vivimus,
691 1996 738 2042 id
770 2001 841 2042 est
873 2010 961 2056 qua
993 1997 1131 2042 vitam
1164 1997 1405 2042 sentimus.
1460 1996 1592 2043 Sicca
1616 2002 1725 2043 sunt

134 2080 252 2127 ossa,
291 2080 410 2127 quae
440 2067 562 2112 vires
594 2066 771 2112 faciunt
802 2065 857 2111 ad
900 2065 1226 2112 sustinendum
1264 2065 1491 2112 laborem:
1537 2065 1725 2113 umidus

135 2141 206 2182 est
237 2137 440 2198 sanguis,
471 2150 562 2196 quo
594 2135 733 2182 alitur
763 2137 868 2181 vita.
914 2134 1003 2181 Per
1034 2136 1187 2181 omnia
1218 2136 1342 2181 enim
1373 2137 1551 2182 viscera
1582 2150 1725 2182 venae

71 2216 111 2247 25
135 2212 347 2267 currunt,
385 2219 502 2266 quae
540 2206 814 2266 sanguinem
851 2209 1033 2264 regunt.
1095 2204 1294 2264 Sanguis
1324 2207 1537 2267 animam,
1575 2207 1726 2251 anima

133 2276 273 2321 vitam
312 2275 525 2337 sustinet,
565 2276 759 2335 spiritus
798 2280 953 2320 autem
991 2275 1112 2320 aeris
1147 2280 1231 2320 est.
1291 2273 1406 2320 Ossa
1440 2276 1596 2321 nervis
1626 2289 1725 2321 mu—

132 2346 229 2390 nita
284 2345 504 2391 virtutem
552 2346 738 2405 corpori
785 2350 1037 2406 praestant.
1113 2343 1310 2404 Sanguis
1355 2358 1462 2390 cum
1507 2343 1725 2406 abundat,

133 2413 444 2460 valetudinem
483 2415 624 2461 vitiat.
698 2413 767 2460 Ex
806 2428 860 2460 eo
898 2415 1108 2461 nascitur
1146 2414 1320 2477 sanies,
1369 2428 1506 2475 quam
1543 2415 1592 2460 in
1629 2413 1724 2460 vul-

133 2483 327 2530 neribus
365 2485 505 2530 seotis
542 2484 773 2546 videmus3
810 2485 1021 2530 nascitur
1059 2489 1104 2529 et
1140 2484 1322 2546 pituita,
1360 2497 1478 2545 quae
1516 2485 1726 2530 nausiam

249 2608 268 2644 1
309 2617 336 2645 a.
373 2603 472 2646 add.
511 2616 647 2657 supra
685 2605 842 2646 lineam
880 2607 978 2646 ante
1014 2615 1171 2645 venere
1202 2607 1295 2646 2m.
1442 2609 1465 2645 6
1496 2603 1616 2646 vitae
1647 2615 1724 2645 om.

133 2662 186 2699 20
223 2659 418 2711 humido,
455 2660 553 2701 item
591 2664 644 2701 23
683 2660 901 2702 humidus.
1045 2663 1099 2700 24
1127 2671 1208 2711 per
1237 2660 1349 2701 deest
1385 2659 1540 2702 litteris
1567 2660 1727 2713 paucis

133 2715 277 2757 erasis.
393 2715 542 2757 omnia
578 2716 714 2771 enim]
762 2728 863 2756 ossa
900 2717 955 2757 et.
1072 2718 1125 2756 25
1157 2717 1312 2757 curant
1339 2719 1416 2758 1‘m
1446 2717 1602 2757 curunt
1631 2719 1724 2758 2m.

133 2773 186 2811 28
215 2770 519 2813 valitudinem.
