1898 3016
99 712 455 762 MARCELLUS
471 711 570 759 VIR
585 710 884 759 INLUSTER
907 709 988 756 EX
1005 708 1308 756 MAGISTRO
1326 705 1692 756 OFFICIORUM

261 809 583 858 THEODOSII
622 809 748 856 SEN.
786 807 961 855 FILIIS
1002 807 1131 854 SUIS
1171 805 1449 853 SALUTEM
1487 805 1536 852 D.

243 1007 443 1054 Secutus
481 1019 622 1066 opera
660 1004 976 1051 studiosorum
1014 1004 1242 1062 virorum,
1287 1002 1367 1061 qui
1410 999 1519 1046 licet
1555 999 1694 1046 alieni
1728 1008 1748 1043 1

101 1078 275 1125 fuerint
311 1076 367 1122 ab
404 1076 696 1122 institutione
735 1073 1005 1134 medicinae,
1042 1079 1198 1118 tamen
1234 1069 1504 1117 huiusmodi
1541 1071 1694 1116 causis

102 1161 238 1194 curas
268 1145 448 1192 nobiles
477 1143 752 1205 intulerunt,
782 1143 990 1190 libellum
1019 1142 1144 1189 hunc
1177 1141 1233 1187 de
1262 1140 1498 1201 empiricis
1523 1145 1695 1200 quanta

101 1218 234 1278 potui
271 1215 474 1262 sollertia
506 1214 838 1274 diligentiaque
876 1213 1149 1272 conscripsi,
1189 1210 1503 1256 remediorum
1540 1209 1694 1270 physi-

58 1297 78 1328 5
103 1300 265 1333 corum
304 1286 400 1331 sive
438 1282 783 1330 rationabilium
821 1280 1193 1328 confectionibus
1234 1286 1281 1326 et
1318 1278 1694 1325 adnotationibus

102 1356 273 1402 fartum
303 1353 553 1400 undeunde
585 1352 804 1399 collectis.
850 1352 964 1398 Nam
989 1353 1028 1397 si
1055 1350 1164 1411 quid
1190 1363 1411 1410 umquam
1435 1361 1695 1408 congruum

102 1427 288 1472 sanitati
318 1424 642 1483 curationique
672 1422 913 1468 hominum
945 1419 1018 1467 vel
1048 1419 1104 1467 ab
1136 1419 1237 1466 aliis
1269 1419 1462 1479 conperi
1492 1417 1564 1464 vel
1594 1419 1694 1478 ipse

101 1509 192 1542 usu
228 1493 480 1555 approbavi
517 1492 588 1538 vel
624 1491 820 1552 legendo
867 1491 1084 1553 cognovi,
1129 1489 1176 1535 id
1223 1502 1438 1549 sparsum
1485 1487 1694 1534 incondi-

102 1573 294 1625 tumque
330 1562 498 1622 collegi
535 1568 582 1608 et
618 1563 666 1607 in
704 1575 850 1608 unum
877 1574 1049 1621 corpus
1080 1560 1214 1620 quasi
1244 1558 1437 1604 disiecta
1468 1563 1514 1603 et
1543 1556 1696 1603 lacera

40 1647 80 1677 ιο
102 1633 404 1694 Aesculapius
438 1631 584 1678 Virbii
621 1630 829 1677 membra
867 1631 1107 1691 conposui.
1174 1626 1269 1674 Nec
1315 1626 1465 1673 solum
1513 1632 1695 1673 veteres
1724 1633 1749 1669 2

102 1703 358 1751 medicinae
404 1703 517 1748 artis
567 1707 782 1748 auctores
825 1699 990 1746 Latino
1043 1699 1283 1745 dumtaxat
1327 1711 1542 1743 sermone
1590 1710 1694 1757 per-

102 1775 324 1835 scriptos,
369 1773 446 1818 cui
490 1772 560 1817 rei
603 1784 791 1832 operam
834 1776 1034 1830 uterque
1079 1768 1258 1814 Plinius
1304 1773 1351 1813 et
1387 1766 1612 1827 Apuleius
1650 1771 1696 1812 et

102 1842 264 1889 Celsus
296 1848 343 1888 et
364 1840 643 1902 Apollinaris
671 1854 723 1886 ac
746 1839 1103 1900 Designatianus
1127 1837 1296 1898 aliique
1320 1835 1533 1882 nonnulli
1557 1837 1695 1881 etiam

104 1913 313 1974 proximo
345 1917 555 1971 tempore
585 1909 807 1956 inlustres
836 1908 1095 1955 honoribus
1125 1908 1225 1969 viri,
1260 1908 1385 1953 cives
1416 1919 1468 1951 ao
1495 1907 1695 1951 maiores

43 1994 82 2024 15
105 1983 267 2043 nostri,
307 1980 537 2042 Siburius,
574 1979 830 2040 Eutropius
868 1984 1006 2039 atque
1041 1978 1290 2038 Ausonius,
1328 1974 1695 2037 commodarunt,

103 2051 302 2098 lectione
341 2055 578 2097 scrutatus
616 2063 733 2111 sum,
772 2048 853 2095 sed
891 2050 1031 2094 etiam
1060 2046 1115 2093 ab
1147 2044 1410 2107 agrestibus
1441 2050 1487 2091 et
1517 2043 1695 2105 plebeis

103 2120 307 2167 remedia
354 2120 547 2166 fortuita
585 2125 725 2180 atque
764 2117 1005 2180 simplicia,
1050 2130 1168 2177 quae
1213 2116 1545 2176 experimentis
1589 2128 1695 2175 pro·

103 2190 338 2251 baverant,
368 2189 523 2236 didici.
573 2188 783 2243 Quorum
813 2187 944 2234 vobis
975 2188 1155 2248 copiam
1184 2184 1341 2232 labore
1365 2190 1525 2231 nostro
1549 2183 1694 2245 vigili·
1726 2196 1750 2232 3

105 2274 223 2321 aque
260 2259 532 2322 faciendam,
569 2258 651 2305 filii
684 2257 956 2319 dulcissimi,
986 2270 1071 2318 pro
1102 2256 1380 2302 necessitate
1410 2254 1695 2301 infirmitatis

42 2341 83 2373 20
104 2329 332 2376 humanae
369 2330 632 2390 piissimum
670 2328 801 2390 duxi,
851 2341 988 2373 orans
1035 2327 1240 2387 prImum
1277 2324 1479 2371 divinam
1516 2325 1696 2370 miseri-

105 2399 330 2462 cordiam,
375 2413 434 2445 ne
478 2398 609 2445 vobis
654 2399 916 2458 vestrisque
954 2395 1224 2457 experiendi
1260 2394 1400 2441 huius
1436 2393 1579 2440 libelli
1616 2407 1695 2440 ne-

105 2471 297 2516 cessitas
349 2468 441 2515 ulla
492 2475 733 2530 nascatur,
781 2474 880 2513 tum
933 2468 972 2513 si
1017 2479 1107 2526 qua
1153 2466 1294 2511 suerit
1342 2463 1695 2526 prospiciendae

106 2537 268 2584 salutis
306 2544 352 2584 et
390 2538 588 2584 tuendae
618 2537 895 2583 valetudinis
928 2550 1079 2597 causa,
1110 2533 1407 2595 gratulemini
1437 2547 1579 2594 super
1609 2533 1696 2579 hac

106 2622 156 2653 re
187 2607 334 2654 labori
365 2607 613 2668 studioque
644 2613 818 2668 nostro,
851 2606 975 2667 quod
1006 2604 1135 2650 vobis
1159 2603 1334 2665 absque
1358 2603 1529 2650 medici
1552 2605 1696 2650 inter-

218 2767 270 2796 ex
292 2754 503 2808 magistro
525 2753 768 2796 officiorum
787 2754 1009 2797 Pithoeus:
1033 2765 1085 2795 ex
1102 2765 1262 2805 magno
1280 2751 1423 2794 officio
1442 2751 1694 2794 Cornarius.

189 2831 437 2872 Manczmms,
457 2840 518 2864 nn.
540 2833 782 2863 Hnmunmcn.
1420 2825 1442 2862 1
