1898 3016
742 121 1123 174 —263—

134 255 213 297 aut
263 250 420 297 fumus
472 256 683 313 emanet3
741 249 1063 297 efficacissime
1120 249 1403 298 incommodi
1464 251 1565 298 eius
1617 251 1730 298 vitio

135 318 322 367 carebit.

272 390 404 437 Asini
447 404 585 437 renes
630 390 822 437 arefacti
865 395 1005 451 atque
1044 391 1198 438 exusti
1235 391 1448 452 tritique,
1486 390 1534 437 id
1573 397 1644 438 est
1680 392 1731 438 in
1762 400 1816 439 72

131 459 371 520 pulverem
416 461 745 507 tenuissimum
790 459 988 523 redacti,
1034 466 1080 507 et
1123 475 1179 507 ex
1216 474 1437 508 mensura
1474 459 1731 508 conchulae

90 541 110 573 5
134 531 275 576 unius
319 545 426 577 cum
473 531 569 578 vini
611 531 731 576 meri
774 529 951 591 cyathis
999 529 1182 578 duobus
1227 532 1547 594 strangurioso
1596 532 1731 592 potui

134 599 228 647 dati
265 600 519 647 efficaciter
554 600 815 646 medentur.

271 669 431 716 Verris
476 669 671 716 silvatici
714 669 878 716 lotium
921 684 1028 717 cum
1066 684 1148 717 sua
1185 672 1364 718 vessica
1401 672 1450 718 in
1487 671 1615 719 fumo
1654 685 1729 718 su-
1761 682 1814 722 73

132 753 354 801 spensum
391 746 438 786 et
475 739 770 786 adservatum
807 740 1142 800 stranguriosis
1174 755 1281 788 cum
1310 742 1500 802 potione
1530 743 1731 788 mixtum

130 810 263 870 potui
307 808 466 856 datum
510 809 831 856 efficacissime
876 809 1081 870 prodest.
1155 809 1244 857 Pili
1288 813 1468 872 caprini
1512 811 1733 859 conbusti
1762 822 1818 862 ’14

68 891 108 921 ιο
131 879 323 940 tritique
369 884 416 926 et
458 880 507 925 in
550 879 739 940 potione
788 878 884 925 dati
929 881 1276 940 stranguriosos
1320 887 1539 942 potenter
1577 895 1732 928 emen-

130 948 252 995 dant.
310 948 642 996 Pediculorum
679 950 956 1010 agninorum
994 949 1299 996 decoctorum
1335 951 1409 997 ius
1443 952 1576 1012 potui
1606 964 1730 998 sum·
1762 963 1815 1002 75

128 1025 262 1079 ptum
292 1020 626 1080 stranguriosis
655 1018 911 1080 plurimum
941 1019 1147 1080 prodest.
1189 1019 1400 1067 Irenacei
1423 1035 1530 1067 caro
1555 1022 1730 1082 optime
1762 1032 1814 1071 76

129 1088 321 1136 decocta
358 1095 496 1150 atque
534 1090 583 1135 in
621 1088 724 1135 cibo
764 1095 947 1149 sumpta
985 1091 1320 1151 stranguriosis
1357 1092 1474 1138 mire
1513 1090 1732 1138 subvenit

134 1165 180 1204 et
217 1160 309 1206 cito
348 1158 607 1206 naturalem
645 1159 809 1205 urinae
848 1173 1038 1207 cursum
1077 1159 1265 1207 relaxat.

66 1240 106 1270 15
272 1227 464 1275 Cocleae
503 1228 675 1276 crudae
713 1230 942 1275 contritae
980 1243 1088 1276 cum
1125 1231 1260 1277 testis
1297 1231 1396 1277 suis
1427 1236 1473 1276 et
1504 1244 1561 1276 ex
1591 1244 1730 1291 passo
1762 1241 1814 1280 77

131 1313 216 1359 per
253 1298 353 1345 dies
391 1305 571 1360 septem
608 1305 688 1345 aut
719 1304 772 1345 ut
807 1298 1063 1360 plurimum
1100 1314 1268 1347 novem
1305 1301 1438 1361 potui
1469 1299 1600 1347 datae
1633 1299 1731 1347 effi-

131 1369 305 1415 caciter
350 1369 565 1430 dysuriae
608 1375 820 1430 prosunt.
893 1368 1048 1417 Amuli
1086 1371 1373 1417 semunciam
1410 1371 1550 1417 terito
1589 1375 1730 1431 atque
1762 1378 1815 1418 78

131 1438 287 1485 addito
325 1453 463 1499 ovum
500 1452 667 1486 recens
707 1444 753 1485 et
791 1440 892 1485 eius
938 1440 1013 1485 ovi
1055 1445 1224 1486 testam
1268 1445 1342 1486 ter
1378 1454 1515 1500 passo
1553 1439 1730 1501 inpleto

131 1508 271 1569 idque
316 1508 537 1570 poculum
581 1508 662 1556 diu
706 1509 929 1569 agitatum
974 1515 1022 1556 et
1065 1509 1370 1556 fervefactum
1409 1511 1730 1571 strangurioso

67 1588 109 1619 20
133 1592 318 1624 reverso
365 1593 391 1624 a
433 1578 629 1625 balineis
675 1578 802 1641 dato,
851 1579 976 1624 omni
1021 1593 1128 1626 eum
1167 1579 1327 1626 dolore
1365 1594 1417 1626 ac
1455 1579 1731 1626 difficultate

131 1647 348 1694 celeriter
385 1647 609 1695 absolves.
662 1647 796 1695 Cicer
833 1649 1080 1696 arietinum
1112 1650 1161 1696 in
1192 1663 1311 1711 aqua
1342 1649 1590 1711 decoquito
1622 1663 1730 1696 cum
1763 1657 1815 1696 ’19

131 1717 224 1765 sale
262 1732 458 1780 eamque
495 1720 815 1779 strangurioso
846 1717 902 1765 ad
933 1717 1069 1766 binos
1101 1719 1291 1781 cyathos
1323 1718 1573 1766 bibendam
1607 1719 1730 1782 dato,

131 1789 383 1835 efficaciter
409 1790 597 1835 iuveris.
646 1787 681 1833 F
685 1789 807 1835 imus
837 1787 1136 1850 palumbinus
1159 1791 1209 1836 in
1232 1788 1488 1836 sorbitione
1513 1795 1730 1850 sumptus
1760 1799 1815 1838 80

131 1872 187 1904 ex
225 1857 328 1904 faba
366 1858 485 1904 facta
523 1857 794 1904 admirabile
833 1861 1168 1919 stranguriosis
1198 1865 1407 1920 praestat
1443 1859 1682 1906 auxilium.

67 1937 107 1968 25
271 1926 530 1974 Turturum
560 1928 699 1974 fimus
730 1942 785 1974 ex
812 1927 961 1976 mulso
987 1936 1149 1976 coctus
1173 1935 1220 1975 et
1243 1930 1392 1976 ceroti
1415 1928 1552 1975 modo
1576 1929 1730 1976 ventri
1761 1939 1812 1978 81

131 2012 183 2044 ac
220 1997 414 2044 renibus
452 1997 706 2044 laborantis
736 1999 969 2059 inpositus
1001 1999 1255 2046 efficaciter
1285 1998 1490 2060 prodest.
1546 1997 1729 2046 Mentae
1761 2011 1814 2049 82

131 2067 249 2114 bene
294 2068 432 2114 tritae
478 2067 693 2114 cocliaria
738 2067 829 2114 duo
876 2083 932 2115 ex
978 2083 1096 2130 aqua
1141 2068 1287 2116 calida
1331 2070 1487 2116 ieiuno
1525 2083 1611 2130 per
1649 2070 1731 2116 tri-

131 2137 274 2184 duum
305 2136 450 2200 dabis,
481 2138 702 2184 continuo
736 2139 959 2185 vessicam
989 2138 1216 2186 relevabis
1241 2140 1517 2200 urinamque
1541 2137 1731 2186 laxabis.

130 2206 263 2254 Pulei
306 2206 583 2254 fasciculum
626 2208 675 2253 in
721 2207 808 2254 olla
852 2222 970 2254 nova
1016 2223 1072 2255 ex
1116 2210 1223 2255 vino
1267 2215 1426 2256 vetere
1471 2208 1528 2255 ad
1565 2210 1730 2255 tertias
1761 2223 1813 2262 83

67 2287 109 2317 30
132 2277 365 2338 decoques
397 2283 444 2324 et
467 2278 700 2339 exprimes
725 2284 864 2339 atque
896 2277 1069 2325 colabis
1101 2286 1148 2325 et
1179 2293 1234 2326 ex
1259 2280 1365 2325 vino
1397 2280 1555 2325 ieiuno
1581 2284 1731 2325 stran-

132 2348 318 2407 gurioso
356 2349 571 2408 potiones
610 2347 816 2407 singulas
846 2362 931 2408 per
962 2348 1168 2395 triduum
1201 2347 1345 2395 dabis.
1393 2347 1618 2411 Lapillus‚
1650 2349 1732 2409 qui
1761 2368 1816 2406 84

132 2417 367 2463 invenitur
411 2419 460 2463 in
506 2419 766 2479 scorpionis
805 2419 975 2464 marini
1011 2419 1178 2482 cauda,
1221 2420 1360 2465 tritus
1398 2417 1576 2465 utiliter
1612 2417 1732 2465 bibi-

132 2491 210 2531 tur
248 2500 352 2532 cum
390 2489 495 2533 vino
534 2502 559 2534 a
597 2489 931 2549 strangurioso.

300 2611 325 2647 4
357 2607 578 2651 conculae.
660 2612 711 2650 10
743 2608 1068 2663 stranguriosis.
1165 2608 1383 2653 emendat.
1469 2613 1519 2650 11
1550 2608 1731 2662 pedicu-

132 2661 275 2703 lorum
303 2663 459 2716 scripsi
468 2680 481 2705 .·
510 2662 797 2716 pecullorum.
901 2669 952 2706 12
983 2664 1209 2707 irenascei.
1315 2669 1366 2708 17
1397 2665 1599 2721 prosunt]
1629 2677 1731 2719 pro-

133 2717 303 2760 sternit.
474 2723 527 2761 23
559 2720 772 2773 sumptos.
946 2725 1000 2763 24
1030 2722 1228 2775 praestat
1257 2721 1435 2775 scripsi:
1464 2722 1729 2776 praenestat.

133 2777 186 2814 28
217 2772 448 2818 releuauiS.
565 2780 615 2817 31
647 2775 846 2828 lapellos.
