1898 3016
739 161 803 169 —
880 132 1120 184 155—-

139 262 290 308 facere
336 261 562 322 catapotia
607 260 940 322 magnitudinis
985 260 1136 323 fabae,
1180 261 1288 307 inde
1334 267 1465 308 terna
1504 262 1574 308 vel
1617 277 1726 323 qua-

138 337 269 378 terna
305 331 354 377 in
391 336 576 377 noctem
612 330 685 376 vel
722 332 845 377 sicca
881 330 954 377 vel
991 345 1046 377 ex
1091 330 1219 377 calda
1265 345 1384 392 aqua
1430 331 1561 393 dare,
1608 346 1726 393 quae

137 407 185 447 et
213 400 270 446 ad
299 399 562 446 inflationes
592 399 996 461 distensionesque
1030 414 1137 447 cum
1166 414 1313 480 aquae
1343 400 1517 447 calidae
1548 401 1725 463 cyathis

136 468 289 516 tribus
318 469 496 516 utiliter
518 469 701 516 dantur.
753 469 820 516 Ad
846 484 947 516 eam
970 484 1070 516 rem
1092 470 1334 516 remissior
1357 469 1545 531 quidem
1570 471 1723 531 pastil-
1755 480 1781 516 5

94 538 232 600 slus,
276 538 356 585 sed
397 553 491 585 non
529 539 899 585 contemnendus
935 540 1105 600 accipit
1141 539 1275 586 haec:
1336 538 1493 601 Croci,
1531 554 1726 602 myrrae,

135 608 317 671 alterci‚
360 609 454 670 opii
497 608 702 669 pondera
746 610 875 669 paria
919 614 1113 655 contusa
1154 610 1413 655 miscentur
1449 609 1724 670 despumato

134 678 288 724 Attico
319 677 458 740 melli,
495 678 613 724 fiunt
641 677 812 739 pastilli
843 678 1052 725 eiusdem
1083 678 1319 740 ponderis,
1353 685 1406 725 ut
1440 693 1580 740 supra
1612 681 1725 726 scri-

133 753 267 808 ptum
304 753 396 809 est,
434 747 604 793 dantur
641 748 767 793 iuxta
806 754 1004 794 aetatem
1041 753 1088 794 et
1125 749 1248 794 vires
1285 749 1334 794 in
1371 754 1578 810 noctem3
1615 749 1726 795 licet

134 822 181 863 et
216 816 325 863 hinc
355 818 582 877 catapotia
612 816 765 863 facere
795 823 989 878 propter
1018 817 1210 864 eandem
1243 831 1430 864 causam
1463 816 1597 877 [utile
1629 818 1725 880 sit],

72 897 112 928 ιο
135 885 217 932 sed
254 891 366 932 tunc
404 900 550 947 aquae
587 886 678 932 mel
713 886 926 933 adicitur.

271 954 488 1002 Pastillus
518 955 574 1002 ad
605 957 772 1002 tussim
810 962 855 1002 et
893 955 949 1002 ad
987 958 1261 1016 sanguinem
1299 957 1550 1002 reicientes
1587 963 1634 1003 et
1667 956 1723 1003 ad
1755 966 1779 1004 6

133 1023 423 1072 stomachum
461 1024 664 1071 solutum
694 1025 933 1087 habentes,
970 1026 1081 1072 facit
1114 1033 1161 1072 et
1191 1025 1247 1072 ad
1278 1025 1587 1072 deiectionem
1618 1041 1725 1072 ven-

132 1095 219 1140 tris
256 1100 302 1140 et
341 1096 517 1141 vesicae
555 1094 784 1156 dolorem,
821 1096 991 1156 accipit
1027 1095 1161 1142 haec:
1206 1095 1311 1155 Apii
1352 1097 1544 1141 seminis
1582 1095 1622 1141 X
1653 1095 1724 1158 VI,

133 1177 267 1209 rosae
296 1163 513 1210 foliorum
543 1163 854 1210 arefactorum
883 1166 930 1210 in
961 1164 1127 1211 umbra
1157 1163 1197 1210 X
1220 1163 1319 1226 XII,
1349 1179 1532 1225 myrrae
1562 1164 1602 1210 X
1627 1164 1724 1227 XII,

70 1243 111 1274 15
135 1234 260 1279 croci
299 1231 338 1278 X
366 1232 451 1296 XI,
496 1234 592 1293 opii
630 1231 794 1280 XIIII.
867 1234 973 1294 Apii
1017 1248 1176 1280 semen
1222 1239 1268 1280 et
1305 1248 1496 1280 crocum
1533 1241 1580 1280 et
1617 1234 1724 1280 folia

132 1316 265 1348 rosae
310 1302 664 1349 contunduntur
701 1301 1082 1365 cribranturque,
1128 1317 1282 1364 myrra
1327 1304 1518 1364 teritur,
1564 1305 1723 1364 opium

131 1385 250 1432 aqua
288 1378 571 1434 maceratur,
617 1373 771 1418 omnia
809 1371 976 1418 deinde
1014 1374 1062 1418 in
1100 1386 1245 1419 unum
1284 1373 1560 1434 miscentur3
1605 1387 1724 1434 aqua

131 1440 308 1487 adiecta
346 1441 464 1487 fiunt
499 1440 671 1501 pastilli
708 1441 763 1487 ad
801 1442 984 1502 pondus
1022 1442 1202 1488 denarii
1238 1443 1447 1488 semissis
1477 1447 1556 1488 aut
1586 1443 1725 1489 tertia

130 1515 262 1570 parte
307 1509 534 1570 detracta,
579 1510 748 1556 dantur
785 1510 1073 1557 stomachum
1118 1510 1403 1557 imbecillum
1443 1510 1724 1558 habentibus

65 1590 108 1620 ²0
132 1585 179 1625 et
215 1581 487 1640 sanguinem
525 1579 828 1625 reicientibus
873 1595 928 1626 ex
970 1595 1115 1641 aquae
1161 1580 1355 1641 frigidae
1397 1580 1574 1642 cyathis
1613 1581 1723 1627 duo-

129 1647 231 1711 bus,
269 1650 438 1695 ceteris
475 1663 530 1694 ex
568 1648 743 1695 calidae
780 1650 975 1696 totidem
1011 1649 1190 1711 cyathis
1226 1650 1329 1696 dari
1365 1649 1517 1696 debet.

267 1717 484 1764 Pastillus
522 1733 576 1763 ex
616 1717 859 1781 odoribus,
904 1720 986 1780 qui
1029 1718 1148 1765 bene
1187 1719 1297 1765 facit
1334 1719 1389 1765 ad
1429 1734 1614 1765 omnem
1650 1721 1719 1765 in·
1752 1727 1776 1764 7

128 1794 316 1833 ternum
353 1786 573 1848 dolorem,
611 1789 801 1847 proprie
839 1794 995 1834 autem
1033 1788 1090 1834 ad
1126 1790 1294 1835 tussim
1332 1794 1378 1834 et
1407 1790 1613 1849 pectoris
1644 1789 1720 1835 de-

130 1855 428 1902 stillationem
467 1862 513 1902 et
550 1855 792 1902 oculorum
830 1857 1099 1920 epiphoras,
1139 1858 1248 1904 facit
1286 1864 1332 1904 et
1369 1858 1425 1904 ad
1463 1859 1722 1919 suspirium

65 1935 108 1967 25
132 1931 179 1971 et
215 1925 271 1971 ad
309 1924 468 1970 lateris
505 1924 712 1971 dolorem
756 1932 802 1971 et
849 1927 904 1973 ad
949 1927 1196 1988 pthisicos,
1234 1928 1387 1973 vesica
1425 1941 1612 1989 quoque
1649 1927 1722 1974 vel

130 1993 322 2040 renibus
360 1993 679 2040 laborantibus
717 1994 788 2040 vel
825 1997 1096 2056 sanguinem
1142 1996 1199 2042 de
1243 1998 1378 2042 urina
1415 1996 1720 2044 reddentibus

128 2077 236 2110 cum
273 2062 431 2109 dolore
468 2063 648 2110 utiliter
684 2064 841 2127 datur,
886 2067 1057 2125 accipit
1092 2065 1228 2112 haec:
1286 2065 1518 2128 Cinnami,
1556 2070 1720 2129 casiae,

128 2133 270 2195 croci,
308 2131 598 2193 singulorum
635 2132 674 2178 X
713 2141 886 2196 ternos,
931 2134 1092 2180 alterci
1128 2136 1320 2181 seminis
1359 2142 1406 2181 et
1441 2135 1720 2196 Apollinaris

127 2201 299 2248 herbae
337 2202 507 2248 radicis
545 2202 834 2263 singulorum
874 2202 914 2248 X
946 2209 1211 2266 quaternos,
1248 2205 1424 2265 piperis
1453 2203 1493 2250 X
1524 2204 1586 2267 II,
1625 2207 1720 2266 opii

65 2281 107 2312 80
131 2270 170 2317 X
199 2269 261 2334 11,
307 2273 427 2318 turis
466 2271 620 2333 XIII,
664 2271 798 2318 nardi
835 2274 989 2333 spicae
1027 2271 1151 2319 XII.
1223 2272 1339 2319 Vino
1377 2273 1572 2320 Falerno
1611 2289 1718 2320 con·

130 2347 233 2386 tusa
270 2347 316 2387 et
352 2342 461 2387 trita
498 2340 634 2403 haec,
672 2347 724 2387 ut
761 2341 920 2402 debet,
958 2349 1352 2405 consparguntur,
1394 2343 1513 2389 fiunt
1547 2343 1721 2404 pastilli

129 2409 185 2456 ad
222 2410 405 2470 pondus
444 2409 483 2456 X
519 2412 726 2456 semissis
766 2417 846 2457 aut
876 2412 1012 2457 tertia
1041 2418 1173 2472 parte
1204 2412 1433 2474 detracta3
1472 2412 1641 2459 dantur
1670 2414 1719 2458 in

128 2485 328 2541 noctem,
363 2486 503 2540 prout
539 2481 666 2540 aegri
702 2481 825 2526 vires
864 2486 986 2542 sunt,
1025 2495 1130 2527 cum
1161 2495 1306 2542 aquae
1338 2480 1512 2527 calidae
1542 2482 1719 2543 cyathis

129 2547 311 2595 duobus
347 2555 427 2595 aut
463 2548 629 2596 tribus.

43 2748 47 2752 .
240 2714 265 2751 9
295 2710 424 2752 verba
453 2708 563 2751 utile
595 2710 653 2751 sit
681 2722 770 2752 mm
796 2715 898 2752 sunt
928 2711 1049 2763 apud
1078 2710 1272 2754 Scribon.
1358 2716 1409 2754 19
1440 2711 1718 2754 imbicillum.

129 2769 180 2807 22
211 2764 438 2818 pastellus.
552 2769 605 2807 25
634 2765 842 2818 phisicos.
957 2770 1011 2808 28
1041 2765 1304 2820 apolenaris.
