1898 3016
778 89 1160 140 —197—

178 218 386 267 dolorem
430 226 477 266 et
521 220 578 266 ad
623 218 842 266 convulsa
886 218 959 265 vel
998 224 1136 280 rupta
1173 220 1396 267 interiora
1435 226 1482 267 et
1518 221 1574 267 ad
1612 222 1776 268 urinae

177 289 498 337 difficultatem
536 290 640 336 data
678 289 931 351 plurimum
968 290 1108 335 iuvat.

317 358 603 421 Cataplasma
640 360 728 406 hoc
767 358 1005 406 stomacho
1042 360 1268 420 inponere
1304 374 1399 406 non
1430 359 1632 407 alienum
1664 363 1775 410 erit:

176 428 282 475 Mali
328 429 521 491 cydonei
566 444 621 476 ex
666 429 814 476 farina
859 430 1001 491 cocti,
1045 429 1092 475 id
1138 435 1210 475 est
1246 428 1339 476 ilIIc
1376 430 1593 493 involuti,
1631 429 1672 477 X
1701 430 1774 492 VI,

134 513 154 544 5
178 505 468 546 careotarum
498 499 666 560 pulpae
699 498 917 545 subactae
950 497 987 544 X
1011 498 1088 560 III,
1126 513 1260 546 cerae
1284 525 1351 532 ——
1376 499 1469 563 VII,
1505 502 1631 547 croci
1655 500 1695 547 X
1718 499 1775 565 II,

178 568 381 615 absinthi
419 568 457 614 X
487 568 541 631 ΙΙ,
578 569 668 615 olei
704 568 864 615 malini
902 575 982 615 aut
1010 571 1180 631 myrtei
1209 568 1248 615 X
1280 568 1349 615 VI.
1403 569 1519 616 Vino
1552 585 1772 632 conspar-

177 640 302 699 gitur
346 653 558 701 crocum,
609 638 737 685 arida
789 638 1077 700 tunduntur,
1130 654 1235 686 cera
1283 639 1492 700 liquatur
1544 647 1591 687 et
1635 640 1775 687 simul

176 710 326 754 omnia
366 709 730 755 commiscentur
768 714 906 769 atque
946 710 1009 754 ita
1048 708 1349 770 adponuntur
1393 724 1528 756 mane
1566 712 1615 757 in
1652 711 1774 758 lecto

176 777 414 824 stomacho
451 777 691 824 laboranti.
741 777 840 824 Hoc
879 791 1066 839 quoque
1104 778 1383 840 cataplasma
1414 779 1655 826 stomacho
1686 782 1774 828 uti·

113 847 405 894 1olissimum
457 854 552 895 est:
624 847 888 895 Palmarum
932 849 1183 894 interiores
1229 855 1386 909 partes
1433 849 1472 896 X
1509 849 1592 911 III,
1647 851 1777 897 croci

175 916 215 963 X
244 917 319 980 III,
356 917 675 979 hypocistidos
711 916 750 963 X
781 917 802 963 I
834 917 878 980 S,
916 917 1026 964 mali
1063 918 1260 979 cydonei
1298 920 1434 982 cocti,
1471 925 1525 966 ut
1556 921 1775 981 superius

176 986 286 1049 dixi,
324 987 363 1033 X
395 987 464 1048 VI,
502 987 716 1034 absenthi
754 989 856 1035 suci
892 986 932 1033 X
962 986 1038 1049 III,
1076 987 1206 1034 floris
1244 988 1352 1035 mali
1389 992 1570 1050 granati
1608 989 1647 1036 X
1678 990 1697 1036 Ι
1729 989 1775 1053 S,

177 1057 317 1103 faecis
361 1059 458 1103 vini
505 1057 608 1104 Chii
645 1057 684 1103 X
715 1056 793 1121 VI,
838 1072 971 1103 cerae
1011 1057 1051 1103 X
1082 1057 1187 1120 XII,
1234 1058 1326 1105 olei
1371 1061 1562 1121 myrtini
1607 1059 1647 1106 X
1677 1059 1777 1123 XII,

177 1126 438 1173 chameleae
484 1129 607 1188 eius,
652 1141 771 1188 quae
815 1127 982 1174 similia
1026 1127 1134 1184 folia
1170 1126 1310 1175 hahet
1349 1128 1516 1192 olivae,
1563 1145 1617 1176 ex
1657 1144 1777 1191 aqua

115 1209 155 1241 15
180 1203 337 1243 coctae
382 1196 419 1242 X
450 1196 528 1259 V13
571 1198 767 1243 mirifice
813 1198 936 1243 enim
982 1197 1175 1258 prodest
1219 1198 1480 1261 stomach0,
1524 1201 1776 1260 praecipue

178 1280 319 1312 sucus
365 1267 574 1313 eiusdem
621 1266 835 1313 similiter
880 1269 1128 1327 impositus
1173 1268 1229 1314 ad
1272 1268 1492 1315 convulsa
1529 1269 1602 1316 vel
1637 1275 1777 1331 rupta

178 1338 649 1383 convenientissimus
687 1342 770 1383 est.

317 1405 455 1452 Hiera
493 1406 549 1453 ad
588 1406 879 1466 stomachum
917 1407 1308 1469 confirmandum,
1345 1413 1501 1454 movet
1537 1408 1776 1455 interdum

177 1482 408 1535 ventrem,
456 1475 694 1522 interdum
746 1479 952 1538 urinam,
1005 1477 1253 1523 conficitur
1305 1478 1393 1524 sic:
1466 1477 1604 1524 Aloes
1649 1478 1688 1524 X
1725 1477 1777 1541 V,

114 1558 156 1589 20
178 1544 497 1608 xylobalsami,
537 1547 685 1607 acori,
730 1547 877 1608 croci,
922 1546 1055 1592 nardi
1095 1546 1330 1609 Syriacae,
1374 1549 1583 1594 masticis
1621 1547 1776 1611 Chiae,

178 1614 468 1675 singulorum
501 1615 717 1661 denarios
748 1629 901 1678 senos,
931 1615 1209 1662 malobathri
1240 1615 1278 1662 X
1308 1616 1347 1679 Ι,
1386 1623 1607 1664 teruntur
1637 1632 1776 1679 quam

178 1684 533 1744 diligentissime
581 1699 794 1731 seorsum
839 1687 991 1731 omnia
1037 1700 1089 1732 ac
1134 1686 1301 1732 deinde
1346 1688 1490 1733 mixta
1536 1689 1585 1734 in
1629 1702 1776 1734 unum

178 1761 486 1815 reponuntur.
539 1754 655 1801 Cum
693 1769 811 1815 opus
849 1761 933 1817 est,
971 1755 1141 1802 dantur
1178 1756 1287 1802 inde
1325 1756 1554 1803 coclearia
1585 1757 1776 1818 quihus-

179 1823 281 1869 dam
321 1823 427 1886 duo,
466 1823 745 1884 quibusdam
782 1826 871 1870 tria
910 1839 965 1871 ex
1003 1840 1148 1886 aquae
1187 1826 1365 1887 cyathis
1404 1841 1484 1874 sex
1513 1826 1586 1874 vel
1619 1828 1778 1874 mixtis

117 1904 159 1936 25
182 1907 288 1939 cum
326 1894 421 1939 vini
459 1893 636 1955 cyathis
675 1893 826 1940 tribus
862 1894 934 1940 vel
965 1909 1020 1940 ex
1052 1894 1260 1955 quolibet
1290 1896 1377 1942 alio
1407 1896 1604 1959 liquore,
1634 1902 1776 1958 prout

180 1964 425 2009 conveniet
463 1963 715 2025 stomacho,
754 1964 962 2010 eiusdem
1001 1979 1248 2011 mensurae
1287 1965 1487 2013 dabitur.

316 2032 501 2078 Pertice
539 2032 796 2079 Cosmiana.
873 2033 972 2080 Hoc
1017 2035 1406 2082 medicamentum
1451 2036 1509 2083 ad
1547 2036 1775 2083 stomachi

178 2103 287 2148 vitia
326 2108 372 2148 et
409 2101 465 2148 ad
505 2104 766 2149 coctionem
804 2103 933 2149 valde
971 2103 1086 2150 utile
1118 2111 1203 2166 est,
1241 2107 1408 2166 accipit
1438 2106 1575 2153 haec:
1611 2106 1773 2152 Petro—

177 2171 301 2218 silini
346 2171 385 2217 X
425 2170 523 2233 VII,
575 2171 673 2233 phu
720 2171 759 2218 X
797 2171 901 2235 IIII,
946 2175 1123 2234 piperis
1167 2174 1258 2220 albi
1303 2174 1342 2220 X
1379 2175 1567 2238 XVIIII,
1619 2175 1774 2222 inulae

113 2253 154 2284 ao
179 2240 216 2287 X
248 2240 297 2304 V,
335 2255 508 2288 nucum
546 2242 834 2302 iuglandium
873 2244 1179 2290 animatarum
1217 2243 1257 2290 X
1286 2243 1365 2306 VI,
1406 2259 1582 2292 nucum
1618 2247 1774 2306 pinea-

176 2325 282 2357 rum
318 2313 625 2359 animatarum
663 2311 703 2357 X
735 2311 841 2374 XII,
879 2315 970 2359 ami
1008 2312 1047 2359 X
1078 2312 1192 2376 VIII,
1230 2312 1435 2374 ligustici
1473 2314 1512 2360 X
1542 2313 1641 2377 XII,
1678 2316 1775 2361 zin-

176 2380 349 2441 giberis
393 2380 433 2427 X
472 2381 592 2444 VIII,
638 2383 763 2428 carei
808 2381 848 2428 X
887 2381 991 2444 XII,
1044 2385 1137 2444 apii
1182 2385 1374 2430 seminis
1420 2383 1459 2430 X
1495 2383 1601 2448 XII,
1645 2386 1776 2431 anesi

177 2449 216 2496 X
239 2450 352 2513 VIII,
385 2451 666 2498 cardamomi
690 2451 730 2497 X
755 2450 870 2514 VIII,
902 2454 1030 2498 acori
1053 2452 1093 2499 X
1116 2451 1188 2515 VI,
1220 2453 1354 2501 dauci
1382 2455 1574 2501 seminis
1599 2453 1638 2501 X
1659 2453 1774 2517 VIII,

177 2519 354 2567 olisatri
391 2523 583 2567 seminis
622 2520 662 2566 X
693 2520 791 2584 XII,
830 2521 1021 2568 feniculi
1059 2524 1250 2569 seminis
1288 2523 1328 2569 X
1358 2523 1429 2571 VI.
1487 2523 1618 2571 Facit
1654 2524 1774 2571 bene

318 2631 340 2667 1
374 2626 536 2669 orinae.
635 2631 684 2668 13
716 2626 848 2670 feces
946 2632 998 2669 14
1029 2628 1285 2673 chameliae.
1380 2635 1433 2672 20
1463 2629 1773 2685 xyrobalsami.

176 2686 226 2723 21
260 2683 551 2724 denariorum.
639 2686 692 2724 25
723 2682 825 2725 vino
857 2683 1028 2727 ciathis.
1114 2689 1167 2726 29
1189 2684 1299 2740 phu]
1323 2687 1435 2740 pthi.
1525 2691 1579 2728 34
1603 2686 1775 2729 olisatri

175 2739 352 2792 scripsi:
382 2738 614 2792 olisandri3
647 2752 707 2781 an
735 2740 1007 2783 scribendum
1038 2740 1280 2784 coliandri?
1396 2741 1589 2785 fenicoli.

1805 373 1859 411 30

1805 791 1858 829 31

1806 1419 1859 1457 32

1805 2047 1860 2085 33
