1930 3008
120 236 172 274 14

123 446 174 484 15

122 655 174 693 16

129 1142 178 1180 17

133 1837 184 1874 18

139 2463 188 2500 19

821 98 1194 149 —276—

202 239 348 287 aquae
394 225 568 272 calidae
613 227 803 287 potione
840 231 1043 287 potetur.
1116 225 1299 272 Herbae
1335 224 1632 274 Britannicae
1670 226 1801 274 radix

202 295 276 342 vel
312 295 420 342 folia
457 297 641 342 incocta
678 296 751 342 vel
787 310 919 358 aqua,
959 298 1009 342 in
1047 310 1138 356 qua
1174 296 1387 342 tamarici
1422 295 1531 342 folia
1564 290 1611 343 et
1641 311 1802 343 semen

202 367 442 412 incoctum
479 365 641 428 fuerit,
686 367 945 412 torminoso
987 365 1189 426 potanda
1226 364 1365 411 detur
1401 366 1541 412 etiam
1578 380 1685 413 cum
1722 366 1799 413 ad-

204 435 430 481 mixtione
475 435 573 480 vini
617 437 806 482 austeri.
878 435 1101 495 Plantago
1147 440 1278 481 cocta
1313 441 1420 481 ante
1465 435 1606 482 alium
1644 435 1802 483 cibum

205 504 310 551 data
348 519 404 551 ex
442 510 573 551 aceto
611 504 813 565 plurimo
852 511 899 551 et
936 506 1102 565 exiguo
1140 504 1234 551 sale
1272 510 1412 566 atque
1446 504 1545 551 oleo
1577 507 1798 552 tormino-
1821 518 1841 548 5

205 576 270 621 sis
307 574 563 636 plurimum
599 574 806 634 prodest.

345 642 630 704 Plantaginis
675 644 830 690 aridae
877 657 1035 690 semen
1079 644 1243 689 tritum
1281 657 1337 689 ex
1374 643 1587 704 partibus
1624 643 1805 690 duabus

206 719 253 759 et
290 715 534 773 papaveris
572 715 723 774 capita
760 713 888 759 arida
925 715 1035 759 trita
1073 727 1130 759 ex
1166 719 1298 773 parte
1336 715 1475 760 tertia
1506 719 1691 774 oportet
1719 727 1806 774 per

206 782 418 830 cribrum
455 784 660 830 tenuiter
694 783 896 829 foratum
927 783 1064 829 traici
1094 797 1150 828 ex
1181 797 1329 843 eoque
1358 782 1550 844 pulvere
1581 783 1682 829 dari
1711 790 1804 829 tor-

205 854 388 898 minoso
419 851 588 912 ligulae
616 867 809 913 magnae
832 866 1113 913 mensuram,
1142 852 1380 898 interdum
1402 851 1508 912 plus
1533 859 1612 899 aut
1634 853 1804 913 minus,
1829 865 1866 895 10

207 936 316 968 cum
352 923 447 967 vini
484 923 655 968 veteris
693 923 827 968 mixti
863 936 957 969 non
994 923 1204 984 nimium,
1242 922 1289 967 id
1328 927 1399 968 est
1430 922 1607 983 cyathis
1637 921 1806 968 tribus.

206 990 306 1038 Hoc
350 991 744 1038 medicamentum
799 998 905 1038 ante
959 1005 1175 1038 somnum
1219 991 1397 1038 utiliter
1442 993 1580 1037 etiam
1628 991 1685 1037 ad
1732 1005 1806 1037 ve—

210 1074 397 1122 speram
434 1060 585 1107 datur.

350 1129 549 1176 Prodest
586 1130 856 1176 torminosis
884 1129 1153 1176 huiusmodi
1184 1129 1400 1176 sorbitio:
1438 1129 1592 1176 Alicae
1622 1129 1807 1176 hemina

211 1201 521 1261 percoquitur
558 1213 666 1246 cum
703 1213 838 1245 cerae
877 1205 924 1245 et
960 1207 1094 1245 rutae
1132 1198 1172 1244 X
1202 1199 1236 1261 I,
1273 1199 1558 1246 admiscetur
1595 1213 1705 1246 sane
1734 1198 1808 1246 his
1832 1211 1871 1242 15

213 1275 260 1315 et
301 1269 475 1315 malum
520 1276 765 1329 granatum
809 1275 948 1329 atque
993 1270 1056 1314 ita
1102 1268 1241 1315 simul
1278 1275 1548 1330 coquuntur
1584 1270 1633 1314 in
1670 1283 1810 1331 aqua3

211 1344 320 1400 post
356 1338 446 1384 hoc
485 1340 814 1399 exprimuntur
844 1339 998 1384 omnia
1029 1344 1075 1384 et
1105 1339 1397 1399 coagitantur
1428 1338 1508 1385 diu
1539 1353 1592 1385 ac
1623 1340 1664 1384 si
1693 1352 1810 1399 opus

212 1409 370 1470 fuerit,
409 1407 610 1454 adicitur
647 1408 761 1454 alica
792 1415 938 1470 cocta,
975 1413 1028 1454 ut
1056 1409 1105 1454 in
1135 1407 1327 1456 modum
1357 1407 1500 1468 pultis
1532 1410 1604 1454 sit.
1655 1407 1811 1454 Lactis

215 1492 403 1539 quoque
447 1477 613 1524 bubuli
656 1483 737 1524 aut
782 1477 1034 1524 cuiuslibet
1069 1476 1109 1523 X
1147 1477 1167 1523 Ι
1204 1477 1488 1524 admiscetur
1526 1483 1572 1524 et
1610 1479 1676 1523 sic
1714 1491 1811 1524 sor-

213 1547 366 1596 betur.
443 1546 492 1593 Si
536 1553 692 1593 autem
745 1547 1025 1593 manducare
1076 1548 1210 1607 panis
1261 1561 1391 1593 more
1436 1546 1549 1593 illud
1595 1546 1812 1609 volueris,
1834 1558 1875 1588 20

215 1617 359 1664 addes
402 1617 498 1664 illic
543 1631 626 1663 ova
671 1618 855 1663 incocta
897 1618 988 1662 tria
1032 1622 1079 1662 et
1122 1615 1335 1677 polentae
1376 1616 1550 1662 nitidae
1588 1616 1811 1662 delicatae

217 1694 444 1748 quantum
483 1689 596 1734 satis
634 1687 737 1749 erit,
777 1692 828 1732 ut
863 1687 996 1747 panis
1034 1686 1138 1732 fieri
1174 1700 1231 1732 ex
1268 1700 1323 1732 eo
1359 1687 1522 1747 possit,
1560 1687 1640 1746 qui
1673 1687 1812 1732 etiam

215 1756 414 1818 frigidus
453 1761 689 1802 comestus
726 1755 980 1816 plurimum
1019 1755 1223 1816 prodest.

356 1825 746 1873 Medicamentum
790 1825 848 1871 ad
891 1827 1175 1871 torminosos
1222 1824 1493 1871 huiusmodi
1540 1826 1653 1871 satis
1697 1809 1811 1871 utile

214 1901 306 1943 est:
346 1895 483 1942 Croci
519 1895 559 1941 X
589 1896 609 1942 I
647 1901 695 1942 et
731 1895 849 1942 duae
887 1901 1044 1956 partes
1082 1896 1334 1957 victoriati,
1372 1894 1507 1940 nardi
1542 1893 1582 1940 Χ
1612 1893 1675 1957 ΙΙ,
1713 1909 1812 1941 aca-
1837 1906 1876 1936 25

215 1968 313 2012 ciae
350 1965 391 2010 Χ
421 1965 508 2028 ΙΙΙ,
554 1964 699 2026 gallae
736 1964 776 2010 Χ
807 1964 890 2026 ΙΙΙ,
936 1964 1060 2010 aloes
1097 1931 1334 2011 victoriati
1367 1978 1475 2024 pars
1512 1965 1670 2025 tertia,
1707 1963 1816 2025 lycii

214 2034 254 2081 Χ
285 2034 327 2097 Ι,
364 2036 461 2095 opii
498 2034 537 2080 X
570 2035 622 2097 S,
663 2034 954 2095 tragacanthi
991 2033 1031 2079 X
1063 2033 1094 2079 S
1139 2040 1187 2080 et
1223 2035 1362 2080 tertia
1401 2034 1523 2093 eiuS,
1566 2035 1687 2079 turis
1724 2033 1764 2079 X
1794 2032 1815 2078 I

217 2110 264 2151 et
292 2106 527 2151 victoriati
555 2110 714 2165 partes
745 2104 878 2166 duae,
909 2118 1091 2165 myrrae
1123 2103 1162 2149 X
1191 2103 1246 2166 ΙΙ,
1276 2104 1454 2164 piperis
1477 2101 1516 2147 X
1542 2102 1586 2148 S.
1636 2102 1813 2149 Terun-

216 2180 295 2221 tur
342 2179 389 2220 et
427 2173 696 2220 cribrantur
733 2174 848 2220 haec
886 2173 1133 2234 diligenter
1170 2179 1310 2233 atque
1347 2186 1402 2218 ex
1441 2173 1544 2217 vino
1583 2172 1702 2218 fiunt
1737 2186 1814 2233 pa-

217 2243 330 2290 stilli
359 2243 508 2304 lupini
538 2243 888 2306 magnitudinis,
919 2243 1089 2290 dantur
1112 2257 1218 2289 cum
1242 2241 1394 2289 tribus
1417 2240 1595 2302 cyathis
1618 2241 1814 2302 liquoris
1836 2255 1876 2285 30

218 2312 471 2360 cuiuslibet
507 2319 602 2360 tam
640 2314 742 2376 diu,
788 2327 1033 2374 quousque
1071 2313 1335 2373 conveniat,
1381 2316 1433 2357 ut
1474 2312 1675 2356 tormina
1713 2312 1813 2357 uni-

217 2397 352 2430 versa
390 2383 627 2430 sedentur.

360 2452 539 2499 Inmitti
583 2453 853 2498 torminosis
897 2466 982 2512 per
1026 2451 1272 2512 clysterem
1325 2454 1509 2510 oportet
1552 2450 1710 2495 vinum
1757 2463 1814 2495 ex

217 2523 335 2582 piris
375 2522 577 2584 Syriacis
615 2522 789 2569 factum
827 2536 935 2568 cum
973 2535 1086 2567 suco
1123 2519 1421 2581 plantaginis3
1458 2519 1654 2564 mirifice
1690 2519 1813 2565 enim

218 2592 330 2638 facit
366 2592 456 2638 hoc
493 2591 753 2639 remedium
791 2597 838 2637 et
873 2589 1033 2637 multis
1071 2590 1444 2649 experimentum
1481 2588 1620 2635 dedit.
1835 2599 1874 2632 35

364 2743 386 2782 7
419 2739 588 2794 aridae]
623 2738 811 2781 aradice.
900 2741 952 2778 26
982 2736 1084 2778 licii.
1173 2739 1226 2777 27
1257 2735 1447 2778 tertiam.
1536 2740 1588 2778 33
1612 2735 1809 2789 clystere.
