1930 3008
777 71 1155 123 —293—

175 208 330 251 autem
376 216 491 250 anus
533 204 623 250 erit
660 201 850 264 specillo
887 201 1007 264 lycio
1042 201 1256 248 Patarico
1293 199 1364 246 vel
1401 200 1560 247 Indico
1598 215 1653 247 ex
1692 215 1764 248 ca-

173 272 268 320 lido
304 272 426 319 vino.

314 340 565 403 Collyrium
595 340 685 388 hoc
707 340 1010 404 iniciendum,
1039 339 1162 401 quod
1186 344 1232 386 et
1255 338 1311 385 ad
1336 353 1519 385 omnem
1545 338 1762 386 deiectio·
1793 347 1820 385 4

174 425 282 458 nem
320 417 367 458 et
403 413 604 458 tormina
641 410 759 457 bene
794 410 917 473 facit,
954 410 1202 457 conficitur
1232 410 1321 456 sic:
1357 409 1550 455 Acaciae
1581 414 1628 455 et
1658 408 1766 455 mali

132 497 152 529 5
175 482 357 543 granati
386 482 575 527 corticis
608 481 717 543 usti,
754 479 1043 542 singulorum
1075 478 1115 525 X
1145 485 1413 542 quaternos,
1448 478 1766 539 hypocistidos

175 556 223 598 et
266 549 403 612 rhus,
449 564 541 611 quo
578 551 768 596 coriarii
803 556 1023 612 utuntur,
1061 555 1108 595 et
1145 549 1261 611 opii,
1299 547 1590 609 singulorum
1629 547 1767 594 dena-

174 620 272 666 rios
310 633 462 682 senos,
499 618 714 679 omphaci
742 618 782 665 X
812 618 895 665 1111
927 618 973 682 S,
1011 619 1139 665 croci
1167 617 1207 664 X
1237 617 1335 664 1111.
1384 617 1622 664 Teruntur
1652 617 1767 663 haec

175 690 329 736 omnia
374 695 422 735 et
466 687 736 735 cribrantur
779 688 1049 749 diligenter,
1092 695 1254 749 postea
1298 689 1404 733 vino
1449 692 1636 734 austero
1675 686 1766 734 col·

177 757 388 818 liguntur
422 757 495 804 vel
533 763 854 819 temperantur
891 765 937 804 et
966 758 1086 804 fiunt
1116 757 1304 819 collyria
1334 756 1652 817 magnitudine
1683 770 1767 802 nu-

115 842 156 874 ιο
179 827 386 875 oleorum
423 827 671 888 pineorum
709 832 756 873 et
793 841 900 874 cum
938 841 1056 887 opus
1094 827 1250 888 fuerit,
1289 840 1376 872 ano
1411 827 1682 872 iniciuntur.

313 895 382 942 Ad
420 895 673 943 lumbricos
711 901 911 957 prosunt
940 895 1210 942 huiusmodi
1239 897 1622 956 compositiones:
1662 894 1767 941 Ser·
1798 900 1823 937 5

173 964 289 1027 pulli
318 964 465 1011 XIIII
496 967 595 1012 triti
623 967 670 1012 in
703 980 914 1012 cremore
946 965 1208 1028 lenticulae,
1241 971 1465 1026 quantum
1497 965 1591 1010 sint
1614 964 1769 1026 cyathi

174 1034 281 1097 duo,
318 1035 415 1081 dati
449 1034 523 1081 vel
558 1036 659 1095 ipsa
696 1035 792 1082 sola
828 1049 914 1096 per
944 1049 993 1081 se
1024 1035 1258 1097 lenticula,
1296 1036 1336 1081 si
1368 1035 1473 1095 quis
1504 1048 1606 1080 eam
1636 1040 1766 1081 aceto

174 1104 375 1150 infusam
414 1109 593 1150 coctam
630 1104 899 1151 comederit.
960 1104 1162 1165 Serpulli
1191 1106 1292 1151 triti
1322 1103 1361 1150 X
1392 1103 1528 1165 vllll,
1565 1102 1768 1150 absinthi
1798 1110 1823 1146 6

112 1188 151 1220 15
174 1172 214 1219 X
256 1172 312 1236 ΙΙ,
350 1173 658 1220 clematitidos
695 1172 735 1219 X
773 1173 793 1218 I
830 1179 877 1220 et
914 1174 1032 1220 duae
1069 1175 1291 1221 tertiaeve
1329 1180 1486 1234 partes
1523 1174 1768 1235 victoriati,

174 1244 287 1290 nitri
325 1241 364 1289 X
395 1242 488 1306 vll,
524 1242 673 1304 lupini
710 1243 884 1289 farinae
922 1242 961 1288 X
992 1242 1087 1306 VII,
1124 1243 1233 1289 salis
1268 1242 1307 1288 X
1339 1242 1438 1304 1111,
1475 1248 1628 1288 terrae
1658 1242 1768 1290 mali

174 1310 214 1358 X
252 1310 357 1374 1111,
402 1313 478 1358 fici
521 1312 678 1358 aridae
721 1311 761 1358 X
799 1311 896 1359 1111.
969 1311 1093 1359 Haec
1139 1314 1291 1359 omnia
1335 1311 1618 1372 colliguntur
1660 1313 1767 1359 vino

174 1387 361 1428 austero
399 1387 539 1442 atque
576 1396 632 1428 ex
669 1381 742 1428 his
779 1381 1022 1443 finguntur
1058 1381 1234 1442 globuli
1273 1381 1403 1428 fabae
1433 1381 1768 1443 magnitudine,

174 1465 232 1498 cx
275 1450 445 1512 quibus
490 1450 661 1497 dantur
696 1452 852 1498 ieiuno
891 1457 971 1498 aut
1006 1457 1114 1512 post
1150 1465 1311 1498 cenam
1350 1456 1455 1498 octo
1493 1451 1565 1497 vel
1601 1465 1766 1498 novem

111 1536 152 1567 20
175 1534 282 1567 cum
319 1534 464 1581 aquae
500 1519 677 1567 mulsae
714 1520 892 1582 cyathis
928 1520 1095 1567 tribus.

315 1589 606 1652 Conpositio‚
644 1604 762 1651 quae
801 1591 911 1637 facit
947 1591 1003 1637 ad
1041 1592 1190 1638 tineas
1228 1597 1275 1637 et
1311 1589 1566 1637 lumbricos
1604 1604 1767 1637 eruen-
1799 1595 1823 1632 ⁷

175 1658 274 1721 dos,
312 1660 401 1706 sic:
441 1658 645 1719 Serpulli
681 1659 721 1705 X
752 1659 806 1722 ΙΙ,
844 1660 1078 1707 coriandri
1109 1659 1148 1706 X
1180 1660 1226 1723 S,
1264 1661 1467 1706 samsuci
1502 1659 1542 1705 X
1574 1659 1620 1722 S,
1657 1661 1772 1706 nitri

175 1727 215 1774 X
253 1727 307 1790 8,
354 1728 628 1775 cucurbitae
673 1728 906 1776 silvaticae
951 1731 1210 1792 interioris,
1255 1730 1336 1776 sed
1383 1729 1508 1790 quod
1553 1735 1626 1775 est
1669 1730 1770 1775 sine

177 1799 376 1860 semine,
419 1799 468 1843 in
504 1797 743 1858 pulverem
781 1799 994 1846 redactae
1031 1799 1071 1845 X
1104 1799 1157 1862 S,
1202 1799 1311 1845 mali
1346 1799 1512 1846 Punici
1547 1799 1772 1846 inmaturi

118 1881 159 1913 25
181 1873 229 1913 et
265 1866 416 1913 adhuc
453 1866 668 1914 obstricti
705 1869 800 1914 sive
838 1870 1026 1916 corticis
1064 1870 1165 1915 eius
1202 1870 1301 1915 triti
1339 1868 1378 1914 X
1411 1868 1463 1931 8,
1507 1874 1640 1914 rutae
1679 1874 1770 1915 ter-

176 1936 288 1982 tiam
325 1941 506 1997 partem
544 1943 590 1982 et
628 1942 806 1984 sextam
842 1940 1074 1985 victoriati
1110 1938 1346 1999 ponderis.
1382 1937 1517 1984 Melle
1548 1937 1770 1999 colligun-

176 2011 255 2052 tur
297 2005 413 2052 haec
454 2007 630 2068 omnia,
677 2007 846 2054 dantur
883 2022 939 2054 ex
975 2007 1049 2054 his
1086 2007 1261 2069 globuli
1298 2013 1498 2070 septem,
1544 2013 1769 2068 quantum

176 2073 309 2121 sabae
346 2075 651 2137 Aegyptiacae
689 2078 957 2137 magnitudo
996 2084 1080 2139 est,
1118 2077 1190 2124 vel
1226 2092 1334 2124 cum
1372 2091 1490 2139 aqua
1521 2076 1669 2124 calida
1697 2077 1771 2123 vel

177 2158 233 2190 ex
273 2145 395 2207 vino,
432 2146 472 2190 si
510 2146 754 2192 sinceritas
792 2148 895 2209 erit,
932 2153 980 2193 et
1015 2148 1171 2193 ieiuno
1210 2153 1256 2193 et
1291 2154 1398 2208 post
1435 2161 1611 2193 cenam.

113 2226 156 2257 30
317 2214 386 2260 Ad
417 2213 671 2261 lumbricos
702 2217 935 2263 necandos
965 2217 1224 2263 remedium
1254 2218 1426 2263 mirum
1456 2218 1543 2262 sic:
1583 2215 1770 2276 Seriphi
1799 2225 1825 2262 8

175 2282 216 2329 X
244 2282 343 2346 1111,
374 2283 645 2330 cucurbitae
684 2284 911 2332 silvestris
945 2287 1167 2333 interiora
1199 2287 1306 2332 trita
1338 2285 1376 2331 X
1410 2285 1462 2348 ΙΙ,
1499 2285 1769 2346 lupinorum

178 2351 353 2399 farinae
391 2352 431 2399 X
460 2352 574 2399 vul.
640 2353 709 2399 Ex
747 2369 864 2415 aqua
902 2355 1021 2403 fiunt
1057 2355 1232 2416 globuli
1262 2354 1390 2402 fabae
1422 2353 1769 2416 magnitudinis,
1804 2340 1813 2358 Ι

178 2419 346 2468 dantur
379 2421 600 2469 robustae
631 2425 794 2471 aetatis
826 2431 1018 2487 septem,
1055 2426 1216 2486 pueris
1246 2427 1368 2471 terni
1398 2425 1470 2471 vel
1501 2425 1632 2486 quini
1662 2437 1769 2470 cum

94 2499 97 2503 ’
175 2489 324 2537 mulsa
361 2505 491 2552 aqua.

320 2656 341 2692 1
374 2651 559 2704 spicillo.
661 2658 686 2695 6
717 2653 1009 2696 denariorum.
1120 2658 1172 2696 18
1203 2654 1386 2707 globoli.
1482 2659 1534 2698 27
1564 2653 1770 2708 globolis.

178 2710 233 2748 30
265 2706 459 2760 serephi3
489 2709 544 2760 cf.
575 2709 709 2763 Apul.
739 2710 851 2752 herb.
885 2714 976 2751 101.
1093 2713 1147 2752 33
1176 2711 1277 2763 fort.
1308 2710 1460 2752 aetat-i.
