1898 3016
777 111 1156 162 —139—

169 242 305 303 serit,
343 242 497 287 statim
537 238 884 287 remediabitur.
951 238 1141 299 Raucis,
1179 240 1218 284 si
1256 239 1304 284 in
1341 237 1522 285 balineo
1561 237 1761 285 clament
1791 247 1841 285 61

168 317 217 358 et
260 315 413 358 aerem
459 309 659 357 calidum
704 312 825 356 intra
872 309 1029 355 fauces
1071 309 1318 370 recipiant,
1366 309 1477 354 satis
1522 307 1635 355 utile
1674 313 1759 354 est.

169 379 334 427 Oleum
381 394 566 440 quoque
611 379 758 426 viride
802 381 848 426 in
889 393 968 425 ore
1010 378 1219 439 tepidum
1258 383 1447 424 teneant
1484 383 1531 424 et
1567 377 1760 424 adsidue

124 476 125 479 =
169 451 473 512 gargarizent,
504 451 643 496 etiam
673 450 721 495 in
751 448 931 510 balneo,
962 447 1214 510 plurimum
1245 447 1450 508 prodest.
1499 447 1567 494 Ad
1598 461 1759 494 vocem
1791 457 1843 495 62

125 519 508 567 sclarificandam
554 518 758 565 radicem
804 518 1009 580 edulem,
1055 532 1171 579 quae
1210 519 1391 563 incocta
1438 517 1760 579 manducatur,

169 603 276 636 cum
313 588 463 636 mulso
501 603 649 649 coque
688 595 735 634 et
772 588 993 649 deinceps
1031 589 1184 648 ipsum
1222 586 1426 633 mulsum
1463 586 1570 632 bibe
1610 593 1656 633 et
1691 601 1759 632 ra-

167 658 318 709 dicem
357 660 505 720 ipsam
535 658 776 704 manduca.
831 657 898 704 Ad
930 672 1065 704 uvam
1096 656 1407 704 destillantem
1438 656 1612 718 platani
1641 655 1758 717 pilu-
1791 666 1842 703 63

167 727 271 790 lam,
310 743 447 790 quam
486 727 768 788 singularem
807 729 1062 788 inveneris,
1103 726 1197 773 lino
1243 727 1483 773 traiectam
1526 726 1759 787 suspende

166 797 285 845 collo
323 797 590 844 laborantis
649 797 791 844 Uvam
830 796 1134 843 caniculatam
1172 802 1219 842 et
1256 795 1458 842 cocleam
1493 810 1759 856 germanam
1791 805 1844 842 64

104 882 145 913 10
168 867 390 914 combure
435 874 482 914 et
526 875 716 915 contere
761 872 900 927 atque
949 881 1004 912 ex
1051 881 1104 912 6ο
1157 865 1348 926 pulvere
1397 867 1540 912 mixto
1592 865 1760 926 pollice

168 951 348 986 summo
381 937 452 983 vel
482 943 609 984 certe
640 936 870 983 cocleario
902 950 1037 982 uvam
1067 937 1224 982 ieiuno
1256 941 1393 995 tange
1421 949 1506 995 per
1537 935 1758 981 triduum.

167 1006 348 1054 Herbae
386 1006 645 1068 cymbalitis
689 1007 894 1053 radicem
938 1013 1044 1052 ante
1083 1004 1194 1051 solis
1239 1011 1395 1051 ortum
1439 1004 1604 1065 collige
1650 1006 1759 1050 sini-
1791 1014 1843 1050 65

168 1084 292 1123 strae
331 1091 494 1124 manus
532 1077 689 1137 digitis
726 1075 891 1138 pollice
938 1082 984 1122 et
1029 1074 1295 1121 medicinali
1331 1076 1379 1120 in
1418 1076 1604 1121 nomine
1644 1076 1759 1135 eius,

168 1147 249 1206 qui
285 1161 418 1192 uvam
458 1146 646 1209 dolebit,
684 1152 731 1192 et
766 1145 874 1191 licio
912 1145 1188 1204 conligatam
1226 1143 1343 1191 collo
1378 1145 1480 1190 eius
1512 1144 1758 1205 suspende,

104 1231 144 1261 15
167 1215 323 1262 l'icem
355 1215 537 1262 mollem
570 1215 764 1262 cerebro
797 1216 898 1261 eius
919 1216 1106 1276 inpone,
1144 1216 1222 1274 qui
1250 1228 1385 1260 uvam
1410 1213 1598 1276 dolebit,
1629 1228 1758 1274 prae·
1791 1223 1843 1260 66

167 1287 292 1347 cipe,
333 1292 386 1332 ut
423 1299 564 1347 super
602 1285 742 1331 limen
789 1291 916 1331 stans
961 1285 1195 1345 superiori
1235 1283 1385 1329 limini
1421 1285 1567 1344 ipsam
1607 1285 1759 1344 picem

166 1357 318 1415 capite
356 1369 440 1401 suo
479 1355 659 1416 adfigat.
711 1355 779 1401 Ad
818 1353 1024 1419 dolorem
1064 1367 1178 1399 uvae
1217 1353 1395 1399 scribes
1432 1355 1481 1398 in
1519 1353 1679 1399 charta
1711 1359 1758 1399 et
1788 1362 1840 1399 67

166 1424 285 1471 collo
316 1424 570 1471 laborantis
592 1424 782 1471 linteolo
807 1423 1087 1484 suspendes:
1125 1422 1339 1468 Formica
1368 1424 1642 1483 sanguinem
1666 1437 1759 1469 non

166 1494 306 1540 habet
342 1509 428 1540 nec
466 1494 540 1557 sel,
578 1494 684 1554 suge
722 1508 823 1555 uva,
861 1507 919 1539 ne
957 1507 1126 1539 cancer
1156 1499 1201 1538 tc
1240 1492 1464 1539 comedat.
1519 1493 1759 1555 Araneam,
1791 1500 1844 1538 68

103 1578 145 1608 20
169 1578 286 1624 quae
324 1578 509 1610 sursum
547 1578 711 1610 versus
751 1562 877 1609 subit
908 1569 954 1608 et
984 1564 1112 1625 texit,
1149 1562 1352 1623 prendes
1384 1567 1430 1608 et
1459 1577 1628 1608 nomen
1660 1564 1760 1608 eins

167 1634 308 1696 dices,
346 1635 423 1679 cui
459 1633 739 1680 medendum
777 1634 879 1694 erit,
918 1637 965 1678 et
1001 1632 1195 1678 adicies:
1234 1631 1311 1677 Sic
1345 1633 1438 1678 cito
1477 1631 1641 1678 subeat
1672 1646 1759 1678 uva

167 1705 294 1766 eius,
339 1717 475 1763 quem
522 1704 733 1763 nomino,
780 1701 1009 1763 quomodo
1054 1716 1219 1748 aranea
1259 1701 1374 1748 haec
1412 1716 1599 1747 sursum
1638 1703 1761 1762 repit

167 1780 214 1819 et
259 1774 398 1835 texit;
450 1780 549 1819 tum
593 1774 741 1833 ipsam
786 1786 998 1818 araneam
1045 1773 1093 1817 in
1139 1771 1345 1817 chartam
1391 1773 1619 1831 virginem
1663 1771 1759 1818 lino

168 1841 332 1903 ligabis
378 1847 424 1888 et
469 1842 585 1888 collo
630 1841 883 1888 laborantis
929 1841 1189 1902 suspendes
1235 1841 1308 1887 die
1346 1841 1486 1903 Iovis3
1529 1841 1609 1887 sed
1649 1840 1760 1887 dum

104 1925 145 1956 25
171 1912 373 1973 prendes
416 1925 629 1957 araneam
673 1911 746 1957 vel
782 1910 1118 1972 phylacterium
1156 1910 1335 1972 alligas,
1381 1917 1454 1956 ter
1499 1912 1546 1956 in
1585 1916 1759 1956 terram

169 1996 322 2042 spues.
371 1980 656 2027 Medicamen
688 1982 943 2027 causticum
977 1980 1031 2026 ad
1065 1994 1198 2026 uvam
1224 1982 1323 2026 sine
1349 1980 1472 2026 ferro
1498 1979 1760 2042 tollendam,
1792 1988 1843 2026 69

168 2051 225 2096 de
264 2065 356 2112 quo
395 2052 531 2097 etiam
571 2051 748 2097 sciatici
787 2056 1031 2096 curantur:
1074 2049 1221 2096 Calcis
1253 2051 1475 2096 vivae—
1501 2049 1534 2111 I,
1573 2051 1759 2110 saponis

168 2121 261 2167 albi
290 2119 456 2181 pilulas
486 2119 561 2182 111,
593 2120 832 2182 sinopidis,
863 2119 950 2166 hoc
982 2126 1053 2165 est
1086 2121 1231 2182 minii,
1268 2119 1517 2182 modicum,
1555 2119 1760 2181 lixivum,

167 2190 291 2236 unde
330 2195 584 2251 operantur
615 2189 905 2250 coactiliarii,
944 2189 1247 2251 aliquantum;
1284 2190 1332 2235 in
1363 2203 1509 2235 unum
1541 2188 1760 2236 miscebis

105 2273 147 2304 ao
169 2260 282 2306 haec
322 2266 368 2306 et
405 2259 656 2321 coagitabis
695 2259 771 2305 (liu
812 2265 859 2305 et
888 2260 1147 2319 repositum
1177 2258 1383 2321 habebis,
1422 2264 1474 2305 ut
1505 2273 1609 2305 cum
1642 2273 1760 2319 opus

170 2330 311 2376 fucrit
348 2330 508 2375 utaris.

310 2398 570 2459 Descriptio
616 2397 838 2445 trochisci
883 2398 1096 2458 plurimis
1142 2399 1253 2444 satis
1299 2397 1446 2459 utilis,
1498 2397 1544 2443 id
1595 2403 1666 2444 est
1702 2397 1756 2444 ad
1790 2405 1842 2443 70

170 2475 374 2515 vetustas
418 2475 572 2515 tusses
617 2475 663 2514 et
707 2475 936 2530 reumata,
983 2482 1100 2528 quae
1144 2469 1191 2513 in
1236 2469 1419 2514 arteriis
1457 2474 1760 2529 consurgunt,

284 2592 308 2629 2
342 2601 516 2629 aerema
546 2589 655 2640 (sic).
751 2594 774 2629 5
805 2588 1150 2629 clarificandum.
1245 2591 1269 2628 8
1300 2587 1499 2629 traiecta.
1588 2592 1612 2628 9
1645 2587 1761 2629 cani-

170 2643 347 2685 clutam.
465 2647 516 2684 10
547 2644 766 2685 cumbure.
870 2648 921 2685 16
951 2643 1095 2684 limini
1124 2643 1300 2696 scripsi.-
1330 2643 1476 2684 limiti.
1593 2646 1642 2683 18
1674 2643 1760 2683 fur-

171 2700 297 2741 mica.
380 2703 430 2740 19
460 2699 596 2741 habit.
677 2703 729 2740 25
760 2699 955 2752 colligas.
1036 2704 1087 2740 27
1121 2698 1348 2741 scaea-licit
1370 2700 1480 2752 (sic).
1561 2702 1612 2740 28
1639 2712 1762 2740 seno-

171 2753 297 2807 pidis.
413 2759 464 2796 32
495 2754 695 2807 plurimis
725 2755 853 2796 rebus
887 2755 1137 2797 Carnarius.
