1898 3016
831 96 1242 150 -36—'

124 252 141 257 <·
178 231 395 291 {penitus
440 227 657 289 obstipet.
733 227 784 274 Si
820 226 953 274 dolor
990 241 1046 274 ex
1085 226 1279 274 cerebro
1317 229 1556 292 gignetur,
1601 228 1800 275 hederae

206 299 316 345 folia
360 304 542 360 septem
585 304 632 345 et
675 297 868 344 nucleos
912 302 1136 358 purgatos
1182 311 1238 343 ex
1281 298 1479 358 persicis
1525 305 1702 359 septem
1747 312 1800 344 ex

207 368 309 415 oleo
362 374 410 414 et
461 373 592 414 aceto
647 368 881 428 decoques
934 368 1205 427 pariterque
1250 372 1466 414 conteres
1510 374 1649 429 atque
1694 367 1803 415 inde

123 447 175 486 73
206 444 419 500 tempora
456 443 504 484 et
540 438 743 484 frontem
780 436 981 483 dolentis
1019 435 1238 483 obduces.
1297 435 1418 483 Ruta
1455 439 1565 484 trita
1596 443 1726 484 aceto
1758 444 1805 484 et

208 507 308 554 oleo
349 521 542 554 rosaceo
573 509 716 553 mixta
747 507 945 553 mirifice
977 505 1186 552 dolorem
1215 507 1381 567 capitis
1411 509 1579 554 avertit
1610 506 1805 553 cerebro
1829 520 1849 552 5

126 586 179 624 74
208 577 281 624 vel
324 577 616 639 temporibus
662 577 830 623 infusa.
905 575 1054 637 Caput
1092 577 1232 622 ocimi
1268 577 1433 623 tritum
1471 591 1576 624 cum
1614 591 1806 623 rosaceo

125 656 177 694 '75
208 647 310 694 oleo
349 654 430 695 aut
464 652 645 708 myrteo
680 653 726 693 et
756 651 887 693 aceto
919 646 1063 692 fronti
1093 647 1356 692 rectissime
1386 647 1641 707 inponitur.
1702 646 1808 692 Ser-

208 716 388 779 pullum
425 716 671 763 decoctum
710 731 765 762 ex
804 722 935 762 aceto
974 722 1020 762 et
1057 717 1222 763 tritum
1260 722 1390 762 recte
1420 718 1664 777 inponitur
1693 723 1808 763 tem-

125 796 178 834 76
207 786 404 848 poribus
435 793 485 833 et
514 787 670 833 fronti.
730 785 911 833 Corona
943 785 999 831 de
1027 785 1183 846 puleio
1206 785 1400 847 prodest
1423 788 1563 847 capiti
1593 787 1808 847 inposita,

126 866 177 904 ‘77
210 858 249 904 si
286 863 461 903 terram
500 871 593 902 non
631 862 803 916 tangat.
876 855 926 902 Si
963 855 1166 902 difficilis
1204 869 1396 902 somnus
1445 862 1517 902 est
1554 871 1611 902 ex
1649 855 1808 902 dolore
1833 870 1873 900 10

210 928 391 989 capitiS,
429 925 530 973 oleo
569 924 860 988 amygdalino
898 931 1039 986 caput
1077 939 1252 986 ungere
1288 931 1475 986 oportet
1504 933 1551 972 et
1580 932 1811 987 tempora3

208 995 486 1044 nucleorum
532 1010 642 1042 vero
687 996 862 1056 persici
910 994 1058 1042 farina
1095 1009 1202 1042 cum
1240 994 1376 1041 melle
1415 1001 1461 1042 et
1498 1001 1628 1042 aceto
1668 995 1813 1041 fronti

209 1065 342 1113 inlita
387 1065 602 1128 prodest3
646 1064 802 1112 nuclei
849 1079 1035 1126 quoque
1074 1064 1354 1126 amygdalini
1390 1067 1491 1111 triti
1527 1065 1706 1112 utiliter
1742 1066 1810 1110 in-

128 1144 181 1182 78
211 1141 477 1198 ponuntur,
525 1137 664 1182 etiam
703 1137 752 1181 in
790 1134 1013 1181 febribus.
1085 1134 1234 1180 Bacae
1270 1134 1389 1181 lauri
1426 1137 1578 1195 inpari
1616 1148 1812 1181 numero

130 1214 182 1253 ’19
214 1207 263 1252 in
294 1205 397 1252 oleo
429 1206 660 1251 contritae
692 1211 738 1251 et
770 1206 910 1266 capiti
940 1203 1098 1250 inlitae
1130 1209 1294 1250 sanant
1324 1203 1544 1251 dolorem.
1603 1203 1814 1250 Hederae
1838 1218 1877 1250 15

215 1274 323 1322 folia
361 1274 633 1321 mollissima
669 1275 780 1320 trita
817 1288 873 1320 ex
911 1279 1043 1320 aceto
1076 1279 1122 1319 et
1150 1288 1342 1320 rosaceo
1375 1274 1598 1320 adversus
1629 1287 1815 1320 omnem

129 1353 183 1392 80
215 1344 426 1392 dolorem
471 1345 616 1391 fronti
659 1343 936 1390 inlinuntur.
1023 1342 1259 1390 Panaceae
1305 1343 1435 1390 radix
1473 1345 1522 1390 in
1560 1343 1661 1390 oleo
1697 1345 1815 1389 inte—

129 1424 182 1462 81
214 1416 340 1462 ritur
380 1420 428 1461 et
465 1414 634 1460 deinde
672 1415 815 1475 capiti
850 1412 1116 1460 instillatur.
1185 1412 1302 1459 Ossa
1340 1413 1397 1460 de
1435 1415 1586 1474 capite
1616 1413 1815 1460 vulturis

130 1493 184 1532 82
216 1484 398 1545 alligari
434 1484 628 1546 prodest
665 1485 805 1544 capiti
841 1483 1030 1529 dolenti.
1091 1482 1382 1530 Gallinaceus
1420 1483 1576 1544 pullus
1607 1483 1815 1530 inclusus

216 1553 483 1601 abstinetur
527 1559 666 1600 nocte
704 1558 751 1599 et
788 1552 885 1615 die,
931 1552 1098 1599 deinde
1136 1554 1238 1599 eius
1276 1552 1515 1613 gallinacei
1552 1553 1707 1614 pluma
1745 1551 1816 1598 vel
1839 1567 1880 1598 20

215 1626 361 1671 crista
419 1623 635 1685 alligatur
687 1622 745 1669 ad
789 1621 959 1669 collum
1005 1629 1085 1668 aut
1129 1621 1330 1669 dolentis
1376 1629 1516 1684 caput
1560 1637 1612 1668 ac
1659 1624 1816 1669 statim

133 1703 185 1742 83
216 1693 445 1741 medetur.
521 1692 751 1740 Surculus
799 1706 854 1738 ex
902 1691 1011 1738 nido
1049 1692 1176 1738 milvi
1212 1691 1401 1753 pulvino
1440 1691 1639 1738 dolentis
1677 1697 1818 1753 caput

132 1773 186 1811 84
217 1764 544 1826 superpositus
574 1763 779 1823 prodest.
850 1761 1141 1808 Murinarum
1172 1761 1366 1822 pellium
1397 1768 1666 1808 exustarum
1697 1763 1818 1808 cinis

132 1842 185 1880 85
218 1848 273 1881 ex
312 1838 444 1880 aceto
482 1833 627 1879 fronti
664 1831 827 1879 inlitus
860 1831 1065 1893 prodest.
1127 1831 1319 1878 Cocleae
1350 1834 1631 1878 matutinum
1662 1845 1816 1878 rorem

215 1904 452 1965 pascentis
501 1908 642 1963 caput
687 1901 916 1949 arundine
964 1902 1252 1962 praeciditur
1297 1907 1344 1948 et
1387 1903 1436 1947 in
1480 1901 1670 1948 linteolo
1708 1901 1816 1947 licio
1841 1915 1881 1946 25

131 1982 186 2021 86
217 1972 433 2034 alligatur
472 1972 685 2033 colloque
722 1971 1050 2034 suspenditur,
1088 1972 1309 2018 continuo
1347 1971 1575 2017 medetur.
1648 1969 1817 2017 Fracto

219 2044 361 2103 capiti
409 2042 500 2089 tela
543 2043 703 2088 aranei
748 2056 803 2088 ex
849 2041 950 2087 oleo
989 2046 1036 2087 et
1086 2047 1217 2087 aceto
1256 2042 1457 2102 inposita
1495 2055 1588 2087 non
1625 2040 1818 2102 recedit,

134 2119 188 2158 87
219 2113 312 2159 nisi
350 2113 594 2159 sanaverit.
656 2111 798 2158 Corni
835 2112 1014 2158 cervini
1050 2112 1203 2157 exusti
1240 2112 1358 2157 cinis
1395 2110 1556 2157 inlitus
1588 2111 1733 2156 fronti
1763 2124 1819 2156 ex

135 2189 188 2228 88
220 2188 350 2229 aceto
389 2188 437 2229 et
471 2195 664 2228 rosaceo
698 2181 903 2242 prodest.
962 2180 1135 2227 Lanam
1165 2179 1373 2226 oviculae
1403 2179 1459 2226 de
1489 2181 1614 2226 inter
1643 2180 1820 2226 femora

220 2251 361 2299 velles
414 2258 461 2298 et
511 2253 560 2298 in
612 2256 743 2298 aceto
794 2252 1031 2311 intingues
1083 2255 1130 2296 et
1175 2264 1317 2310 super
1361 2255 1571 2311 tempora
1618 2249 1818 2296 dolentis
1842 2264 1882 2294 30

137 2329 189 2368 89
220 2321 400 2383 ligabis.
472 2321 645 2367 Lanam
701 2322 861 2367 arietis
913 2320 970 2366 de
1015 2320 1168 2366 fronte
1213 2319 1354 2365 velles
1400 2324 1447 2365 et
1492 2319 1725 2366 conbures
1771 2321 1819 2365 in

223 2392 444 2452 operculo
492 2390 608 2437 ollae
653 2405 771 2437 novo
817 2396 864 2436 et
907 2391 955 2436 in
1000 2390 1222 2436 mortario
1268 2388 1548 2435 confricabis
1587 2395 1725 2450 atque
1764 2404 1820 2435 ex

140 2469 193 2507 90
224 2467 355 2508 aceto
386 2461 530 2507 fronti
557 2460 740 2507 inlines.
788 2458 1000 2506 Sertulae
1025 2458 1283 2518 Campanae
1307 2458 1581 2505 fasciculum
1606 2473 1661 2505 ex
1687 2466 1819 2506 aceto

139 2539 191 2576 91
225 2530 460 2592 decoques
499 2538 546 2576 et
583 2531 726 2577 fronti
763 2529 944 2576 inlines.
1005 2527 1154 2589 Caput
1191 2529 1231 2574 si
1267 2527 1424 2574 dolere
1462 2530 1691 2590 coeperit,
1735 2543 1819 2574 ovo

339 2641 388 2677 11
420 2637 588 2689 ungeri.
700 2641 749 2678 13
780 2635 978 2690 prosunt.
1091 2639 1143 2676 17
1172 2633 1378 2677 interitui·
1412 2635 1490 2687 (sic
1518 2635 1688 2688 eodem:
1721 2647 1821 2676 con-

223 2691 384 2735 teritur
414 2691 667 2735 Cornarius.
809 2696 863 2734 23
893 2703 1183 2732 murenarum.
1315 2695 1367 2732 32
1398 2690 1517 2732 ullae
1660 2703 1713 2732 ex
1741 2703 1819 2732 om.

227 2753 279 2791 33
310 2748 579 2790 fascicolum.
697 2752 751 2789 34
781 2746 1047 2800 dequoques.
