1898 3016
782 130 849 136 —
925 101 1026 151 104
1101 98 1196 136 -’

172 231 388 276 anserina
419 228 562 290 adeps
594 229 688 276 sola
720 229 967 290 diligenter
997 235 1250 289 expurgata
1280 228 1467 290 lenique
1494 230 1599 291 igne
1624 229 1769 291 lique-

173 301 291 346 facta
330 299 483 345 infusa
522 299 757 345 auriculae
797 305 842 345 et
881 298 1087 345 dolorem
1118 298 1238 345 tollit
1269 304 1316 345 et
1344 300 1507 346 vitium
1538 306 1768 360 persanat.

172 369 346 416 Eadem
400 369 542 429 adeps
593 369 774 415 adiecto
824 370 963 414 ocimi
1014 383 1127 415 suco
1180 369 1409 430 tepefacta
1453 369 1770 430 instillataque

88 450 140 487 97
174 439 359 486 dolores
403 438 720 485 auricularum
764 438 1046 484 infantilium
1090 438 1224 485 levat.
1297 439 1466 485 Aranei
1501 441 1602 486 triti
1636 453 1772 486 umor

175 523 426 571 expressus
479 515 525 555 et
573 523 706 555 rosae
751 508 954 568 liquidae
1001 514 1226 568 quantum
1271 508 1504 555 videbitur
1548 510 1771 555 inmixtus

173 579 370 640 lanaque
412 577 540 624 molli
577 578 831 624 madefacta
870 577 1105 624 auriculae
1143 580 1348 624 insertus
1387 580 1608 625 continuo
1646 578 1771 624 dolo-

89 658 142 696 98
174 664 274 695 rem
318 648 506 694 relevat.
581 647 754 708 Spuma
799 649 907 709 equi
953 661 1119 694 recens
1164 648 1368 694 detracta
1422 655 1468 694 et
1516 663 1624 694 cum
1672 648 1772 694 oleo

174 733 312 765 roseo
349 718 502 764 infusa
541 717 856 764 auricularum
897 719 1107 779 quamvis
1144 718 1442 764 vehementes
1480 718 1665 764 dolores
1702 732 1773 764 re-

90 799 143 836 99
176 789 324 836 solvit.
385 787 634 834 Verrinum
672 787 730 834 fel
769 789 818 833 in
855 787 963 834 mali
994 787 1161 834 Punici
1198 794 1304 834 cute
1336 789 1458 834 sicca
1489 788 1773 849 tepefactum

92 859 483 919 100infusumque
530 857 804 918 purulentas
850 857 1081 904 auriculas
1128 864 1366 918 expurgat.
1442 857 1621 920 Verris,
1667 872 1772 904 cum

175 929 374 975 scrofam
414 927 568 990 saliet,
613 929 888 988 priusquam
926 929 974 973 in
1011 934 1184 974 terram
1223 927 1426 974 destillet
1463 927 1519 973 de
1557 927 1775 974 verendis

176 1000 297 1060 eius,
344 1000 471 1044 virus
525 1004 773 1058 exceptum
818 998 1194 1058 tepefactumque
1248 1012 1354 1044 cum
1400 1012 1546 1058 aquae
1591 997 1774 1043 modico

176 1067 412 1115 auriculae
449 1067 651 1113 inditum
689 1069 898 1128 quamvis
937 1067 1156 1113 molestos
1194 1067 1379 1113 dolores
1417 1067 1612 1130 relevat3
1651 1066 1774 1129 quod

93 1140 321 1186 101etiam
375 1139 498 1184 circa
551 1136 806 1183 auriculam
858 1136 1043 1182 inlitum
1088 1137 1341 1198 plurimum
1386 1137 1591 1197 prodest.
1664 1137 1776 1197 Apri

175 1208 341 1254 lotium
378 1207 585 1253 infusum
623 1206 858 1253 auriculae
897 1206 1026 1252 valde
1065 1206 1301 1268 medetur3
1339 1206 1461 1267 quod
1502 1208 1608 1266 quia
1648 1212 1776 1253 vetu-

179 1285 303 1324 stum
335 1278 480 1337 magis
512 1276 718 1339 prodest,
749 1276 997 1323 collectum
1021 1277 1198 1322 servari
1228 1275 1368 1322 debet
1397 1278 1445 1322 in
1478 1291 1583 1322 vaso
1615 1278 1776 1338 vitreo,

95 1356 174 1394 102
186 1355 239 1394 ut
271 1348 332 1393 sit
362 1347 419 1393 ad
449 1346 655 1393 remedia
687 1353 1028 1407 praeparatum.
1089 1346 1204 1393 Cum
1229 1345 1334 1392 felle
1359 1345 1552 1392 vitulino
1577 1354 1624 1392 et
1647 1353 1776 1393 aceto

177 1419 276 1479 pari
315 1431 536 1463 mensura
574 1418 806 1477 serpentis
845 1423 1084 1478 senectus,
1127 1416 1174 1462 icl
1221 1422 1292 1462 est
1329 1418 1538 1479 exuviae,
1587 1416 1777 1462 decocta

178 1494 225 1534 et
282 1486 435 1533 lanula
493 1486 749 1532 madefacta
810 1486 1200 1532 medicamentum
1253 1485 1489 1532 auriculae
1548 1487 1779 1532 insertum

179 1558 404 1603 maximae
443 1557 658 1603 utilitatis
697 1570 800 1602 esse
838 1556 1061 1617 creditur,
1100 1558 1138 1601 si
1175 1557 1308 1617 prius
1342 1556 1542 1602 ferventi
1572 1571 1688 1617 aqua
1721 1556 1777 1602 de

96 1637 175 1676 103
187 1628 367 1687 sfongia
397 1641 556 1673 aurem
588 1626 773 1672 foveris.
833 1625 974 1672 Vituli
1005 1626 1187 1686 adipem
1218 1625 1470 1672 resolutam
1503 1640 1615 1672 suco
1641 1627 1778 1672 ocimi

179 1698 358 1743 adiecto
391 1698 431 1742 si
453 1697 631 1757 pariter
654 1696 931 1756 tepefactam
957 1695 1191 1742 auriculae
1215 1695 1458 1758 infuderiS,
1489 1697 1778 1742 amarissimo

96 1766 482 1814 104incommodo
525 1765 813 1812 laborantem
852 1767 1075 1812 continuo
1112 1765 1347 1812 liberabis.
1419 1765 1618 1811 Medulla
1657 1767 1777 1812 eius-

180 1837 284 1883 dem
324 1836 455 1883 vituli
494 1850 660 1882 recens
700 1850 805 1882 cum
839 1837 1020 1897 cymino
1052 1837 1251 1882 contrita
1283 1835 1531 1896 infusaque
1570 1836 1779 1895 quamvis

179 1921 372 1966 magnos
417 1906 602 1952 dolores
647 1905 882 1952 auriculae
922 1907 1076 1952 statim
1115 1905 1289 1952 relevat
1326 1911 1372 1951 et
1409 1907 1531 1951 intra
1569 1905 1778 1951 triduum

97 1976 319 2023 105tollit.
394 1975 580 2022 Lotium
618 1977 862 2037 caprinum
899 1975 1175 2022 instillatum
1214 1975 1419 2022 dolorem
1459 1975 1609 2037 sedat3
1655 1974 1777 2035 quod

180 2048 326 2106 magis
371 2046 594 2107 prodesse
641 2047 912 2106 suppuratis
957 2045 1150 2092 auribus
1195 2046 1487 2108 adfirmatur,
1536 2044 1595 2090 ob
1642 2059 1779 2105 quam

181 2131 368 2162 causam
413 2118 675 2177 praesentis
720 2115 879 2162 auxilii
923 2116 1081 2175 plures
1124 2123 1371 2176 exceptum
1424 2122 1471 2161 et
1514 2129 1662 2161 cornu
1708 2129 1780 2160 ca-

180 2188 317 2246 prino
349 2186 548 2232 inditum
579 2188 626 2231 in
659 2187 786 2231 sumo
814 2200 1095 2245 suspensum
1127 2185 1375 2246 diligenter
1406 2185 1460 2230 ad
1492 2186 1780 2230 necessarias

99 2255 410 2302 106medellas
456 2262 710 2302 reservant.
784 2254 924 2301 Pueri
968 2254 1156 2316 inpubis
1202 2255 1451 2315 mingentis
1495 2253 1658 2300 lotium
1705 2269 1778 2299 ex-

182 2331 370 2386 ceptum
413 2331 459 2372 et
497 2340 663 2372 recens
702 2340 753 2371 ac
792 2325 1001 2386 tepidum
1039 2324 1273 2373 auriculae
1313 2330 1594 2385 suppuratae
1632 2323 1779 2370 instil-

181 2395 324 2441 latum
369 2410 533 2442 umore
580 2397 812 2441 exsiccato
859 2394 1067 2440 dolorem
1111 2394 1232 2440 tollit
1284 2402 1330 2440 et
1381 2395 1497 2440 mira
1543 2393 1779 2440 celeritate

99 2475 177 2512 107
189 2465 347 2511 ulcera
386 2465 439 2511 ad
481 2467 723 2512 sanitatem
762 2465 991 2525 perducit.
1053 2463 1201 2510 Saliva
1238 2463 1438 2510 hominis
1476 2465 1622 2509 ieiuni
1658 2465 1779 2509 auri-

183 2534 317 2580 culae
348 2535 494 2581 indita
524 2549 720 2596 vermes,
761 2536 799 2580 si
831 2536 912 2595 qui
943 2539 1095 2593 erunt,
1134 2548 1381 2594 erumpere
1413 2548 1468 2579 ex
1499 2548 1551 2579 ea
1584 2539 1779 2580 constat.

1794 521 1814 552 5

1798 870 1839 900 10

1800 1218 1841 1249 15

1801 1568 1843 1598 20

1802 1917 1843 1948 25

1804 2265 1844 2295 30

100 2603 416 2665 108Butyrum
476 2619 642 2651 recens
694 2603 969 2650 instillatum
1024 2617 1211 2649 umores
1264 2603 1543 2664 doloresque
1597 2605 1778 2649 aurium
1803 2615 1843 2646 35

298 2752 427 2794 lieni
443 2753 620 2806 scripsi.-
635 2752 738 2795 leui.
803 2756 852 2793 15
868 2751 1039 2794 lutium.
1103 2756 1154 2794 18
1171 2752 1392 2794 decoctae.
1454 2756 1505 2792 22
1523 2749 1779 2794 infunderis.
