1898 3016
786 95 1164 145 —108—

172 235 316 268 unum
354 222 583 282 permixta
621 236 707 283 per
737 223 943 269 sucidam
978 222 1125 268 lanam
1157 223 1270 268 inici
1299 222 1491 269 naribus
1522 222 1770 283 oportebit.

171 291 303 337 Facit
346 297 499 337 autem
540 293 676 338 etiam
723 293 779 338 ad
817 307 1000 338 omnem
1041 307 1096 338 ex
1135 292 1340 352 qualibet
1384 300 1514 353 parte
1560 294 1770 353 corporis

119 373 143 409 8
175 361 246 407 vel
291 375 347 407 ex
391 361 600 422 quolibet
644 361 836 408 vulnere
882 363 1123 422 sanguinis
1162 363 1469 423 eruptionem.
1542 361 1770 416 Quoniam

171 430 408 478 interdum
452 433 536 495 ita,
583 437 632 478 ut
679 432 901 494 diximus,
947 434 1103 478 minus
1142 433 1293 478 curati
1329 434 1454 478 naris
1493 434 1601 478 vitio
1640 446 1770 492 prae-

173 501 317 548 focari
361 501 599 563 videntur,
645 502 842 547 maxime
889 516 995 547 cum
1041 507 1258 562 opturato
1304 508 1504 563 utroque
1544 502 1812 548 foramine5

173 572 355 617 narium
402 571 609 632 spirandi
654 570 848 617 facultas
888 572 1108 634 eripitur,
1153 586 1247 617 non
1284 571 1487 618 alienum
1527 578 1597 617 est
1635 573 1771 632 scire,

174 656 263 702 qua
304 642 484 686 ratione
524 646 778 701 utrumque
817 643 1046 702 praestari
1083 643 1252 703 possit,
1298 647 1350 688 ut
1387 656 1540 702 neque
1579 643 1771 702 spiratio

172 711 441 772 inpediatur
479 725 565 757 nec
603 710 863 757 remedium
902 711 1298 773 efficacissimum,
1335 726 1421 772 per
1459 711 1582 771 quod
1621 713 1772 771 opitu-

172 780 283 827 latio
321 780 513 827 naribus
552 780 769 842 efficitur,
807 780 1094 827 excludatur.
1153 780 1399 841 Oportebit
1437 795 1547 842 ergo
1586 795 1772 827 sumere

173 853 364 911 pinnam
402 852 581 897 anseris
620 865 757 911 quam
794 852 1040 897 maximam
1081 851 1149 899 vel
1183 851 1346 897 calami
1376 852 1615 911 scriptorii
1645 851 1771 897 fistu-
1797 862 1837 892 10

174 921 263 966 lam
302 920 483 966 modice
514 920 787 983 pleniorem,
826 920 992 966 deinde
1024 926 1184 981 aptare
1215 921 1270 967 ad
1303 920 1641 981 longitudinem
1674 922 1775 966 nasi

175 996 314 1051 atque
357 992 420 1036 ita
466 990 757 1051 praecidere,
803 997 855 1036 ut
906 1005 959 1036 ex
1006 997 1205 1051 utraque
1250 997 1381 1051 parte
1426 990 1659 1051 perforata
1700 992 1775 1052 sit,

175 1068 315 1121 atque
359 1060 594 1106 involvere
641 1074 741 1105 eam
786 1059 974 1106 fasciola
1013 1062 1144 1106 tenui
1182 1060 1323 1106 lintea
1362 1062 1494 1121 quasi
1531 1062 1688 1106 instita
1730 1067 1776 1106 et

176 1129 363 1190 explere
395 1131 645 1176 circuitum
677 1131 792 1191 eius,
823 1129 971 1175 donec
1002 1130 1216 1176 videatur
1245 1131 1293 1176 in
1317 1132 1607 1176 narem'cum
1636 1145 1774 1176 cunc-

175 1201 350 1246 tatione
389 1200 587 1260 quadam
625 1200 773 1259 recipi
810 1214 946 1260 posse
986 1206 1124 1260 atque
1162 1201 1225 1245 ita
1255 1206 1308 1246 ut
1338 1206 1409 1246 est
1439 1199 1772 1246 circumvoluta
1799 1210 1837 1241 15

175 1271 439 1330 inmergere
485 1283 586 1315 eam
623 1283 734 1315 naso
774 1276 904 1315 aceto
943 1271 1041 1315 acri
1076 1269 1295 1316 infectam
1341 1277 1387 1315 et
1430 1284 1515 1330 per
1553 1284 1654 1316 eam
1690 1271 1775 1315 ini-

176 1354 283 1386 cere
335 1339 571 1385 interdum
625 1348 807 1385 acetum
860 1353 966 1385 acre
1019 1339 1090 1384 vel
1143 1354 1306 1386 sucum
1358 1353 1499 1400 supra
1544 1339 1775 1386 dictorum

175 1409 636 1456 medicamentorum.
696 1407 792 1455 Hoc
829 1416 982 1455 autem
1014 1409 1221 1455 remedio
1252 1411 1398 1470 magis
1429 1410 1500 1455 uti
1529 1409 1776 1471 oportebit,

119 1489 144 1525 9
177 1494 283 1526 cum
322 1494 406 1540 per
445 1485 667 1540 utrasque
706 1493 842 1524 nares
880 1479 1067 1525 fluxerit
1103 1480 1342 1540 sanguinis
1374 1478 1667 1526 abundantia.
1728 1479 1778 1525 Si

177 1550 362 1610 quando
409 1549 649 1595 ulcuscula
687 1551 732 1595 in
771 1548 962 1595 naribus
1001 1549 1196 1610 fuerint,
1243 1549 1533 1595 sanabuntur
1571 1549 1775 1595 fomento
1799 1561 1840 1590 20

177 1634 323 1681 aquae
368 1633 514 1679 purae
560 1618 732 1665 calidae
778 1633 863 1678 per
907 1618 1070 1664 molles
1116 1619 1320 1679 sfongias
1371 1626 1417 1664 et
1469 1619 1776 1665 medicamen-

177 1696 333 1736 torum
371 1690 492 1735 infra
531 1689 814 1749 scriptorum
852 1690 1175 1750 perunctione,
1214 1689 1260 1734 id
1300 1696 1371 1735 est
1401 1703 1514 1735 suco
1546 1689 1601 1734 de
1633 1690 1777 1735 moris

178 1774 285 1806 cum
330 1761 437 1805 vino
481 1759 712 1819 tepefacto
750 1759 1004 1821 permixto,
1050 1760 1292 1819 conposito
1333 1759 1387 1804 ad
1427 1759 1777 1819 spissitudinem

95 1840 146 1876 10
178 1829 342 1875 mellis.
401 1829 549 1875 Rosae
582 1829 736 1875 aridae
768 1828 838 1873 vel
869 1830 1074 1874 recentis
1106 1828 1228 1874 foliis
1261 1830 1385 1875 tritis
1417 1843 1471 1874 ex
1505 1830 1608 1874 vino
1645 1828 1778 1874 melle

95 1910 145 1946 11
180 1899 361 1945 adiecto
398 1900 527 1945 infici
565 1913 701 1945 nares
736 1897 849 1944 utile
881 1905 965 1945 est.
1026 1898 1147 1944 Uvae
1179 1900 1439 1944 inmaturae
1471 1913 1584 1944 suco
1616 1899 1778 1944 eodem
1801 1909 1842 1940 25

179 1969 316 2015 modo
349 1970 607 2029 conposito,
640 1983 731 2030 quo
763 1983 928 2014 sucum
960 1969 1016 2014 de
1040 1970 1185 2014 moris
1210 1970 1411 2028 conponi
1435 1968 1606 2014 debere
1638 1982 1778 2029 supra

97 2049 146 2086 12
179 2039 396 2101 diximus,
420 2053 557 2084 nares
582 2039 781 2085 fluentes
806 2038 976 2098 repleri
1001 2039 1381 2099 percommodum
1408 2045 1491 2084 est.
1551 2037 1778 2084 Malorum

178 2109 463 2156 Punicorum
496 2109 702 2155 dulcium
734 2115 872 2169 atque
905 2108 1144 2154 acidorum
1177 2123 1288 2154 suco
1321 2108 1480 2154 eodem
1510 2107 1644 2153 modo
1670 2122 1776 2153 con-

97 2190 146 2226 13
179 2181 331 2240 posito
363 2193 500 2225 nares
532 2178 772 2239 stipandae
805 2185 927 2224 sunt.
986 2178 1160 2239 Myrtae
1192 2178 1319 2224 bacis
1344 2185 1482 2238 atque
1508 2176 1629 2222 foliis
1655 2179 1778 2223 tritis

179 2263 235 2295 ex
272 2251 379 2295 vino
417 2250 465 2295 in
496 2248 646 2294 mellis
678 2247 1028 2308 spissitudinem
1062 2249 1144 2311 uti,
1181 2255 1233 2294 ut
1264 2261 1403 2307 supra
1436 2248 1662 2307 scriptum
1694 2254 1778 2310 est,
1802 2259 1842 2288 30

98 2329 149 2365 14
181 2321 410 2365 convenit.
481 2318 546 2364 De
585 2317 859 2379 terebinthi,
898 2316 1103 2378 lentisci,
1142 2317 1248 2364 rubi
1287 2316 1535 2363 fruticibus
1573 2323 1618 2362 et
1656 2316 1777 2362 foliis

98 2399 147 2436 15
181 2404 293 2435 suco
333 2388 548 2434 similiter
586 2389 828 2448 conposito
867 2389 936 2433 uti
973 2387 1178 2433 debebis.
1240 2386 1421 2433 Sertula
1455 2386 1681 2446 Campana
1722 2401 1777 2432 ex

96 2470 146 2506 16
181 2473 316 2519 passo
349 2459 541 2504 decocta
573 2464 619 2504 et
642 2458 794 2503 infusa
819 2456 1010 2503 naribus
1035 2457 1239 2517 prodest.
1298 2456 1387 2502 Mel
1411 2471 1495 2516 per
1519 2471 1567 2501 se
1592 2462 1777 2502 coctum

181 2534 227 2574 et
259 2543 366 2574 cum
397 2528 512 2589 galla
539 2528 725 2589 Syriaca
750 2533 944 2573 contusa
968 2541 1021 2572 ac
1044 2528 1176 2572 tenui
1199 2526 1354 2572 cribro
1382 2528 1648 2572 transmissa
1675 2540 1777 2586 per-

97 2608 147 2645 17
180 2599 378 2644 mixtum
410 2605 548 2658 atque
580 2598 786 2644 infusum
818 2595 1008 2642 naribus
1036 2596 1239 2656 prodest.
1300 2596 1571 2642 Gravidines
1595 2597 1778 2641 narium
1801 2608 1841 2639 35

182 2667 491 2727 sedabuntur,
531 2682 647 2728 quae
687 2681 743 2713 ex
782 2666 877 2712 sole
915 2672 994 2712 aut
1031 2666 1331 2726 perfrictione
1366 2671 1663 2727 generantur,
1702 2664 1777 2711 ab·

182 2739 399 2784 stinentia
432 2737 645 2783 ciborum
678 2737 906 2783 salsorum
938 2742 983 2781 et
1006 2737 1129 2781 inter
1152 2736 1282 2782 initia
1308 2737 1412 2781 vino
1438 2743 1630 2797 remoto,
1661 2750 1777 2796 aqua
