1898 3016
93 424 145 463 56

95 565 146 603 57

91 701 225 740 58-

95 842 146 880 59

95 982 147 1019 60

95 1331 146 1369 61

95 1821 146 1859 62

93 1891 145 1928 63

94 1960 148 1997 64

94 2169 147 2205 65

93 2308 146 2345 66

95 2378 147 2415 67

785 104 843 110 -
920 74 1164 125 240-

177 217 316 264 quam
354 202 495 249 alium
532 203 783 252 manducet
818 203 998 249 infusos
1037 204 1086 248 in
1124 217 1262 265 aqua,
1301 217 1417 264 quos
1451 203 1662 250 incoctos
1699 203 1772 250 vel

176 280 273 320 tres
318 279 398 319 aut
442 288 496 319 eo
542 273 762 336 amplius,
807 273 932 334 quod
978 278 1134 319 tamen
1178 286 1272 319 non
1310 274 1372 319 sit
1406 274 1623 335 nimium,
1670 274 1771 320 sine

176 357 295 404 pane
332 343 614 390 manducare
652 342 804 390 debet.

315 412 438 460 Nitri
481 413 575 460 albi
617 412 888 460 matronalis
924 412 1093 474 pilulas
1131 413 1339 474 quinque
1382 411 1456 459 vel
1499 418 1679 474 septem
1724 413 1774 459 in

179 488 308 530 aceto
354 485 582 530 acerrimo
630 483 803 546 solves,
849 497 904 529 ex
952 497 1042 544 quo
1090 481 1296 544 singulos
1341 482 1531 544 cyathos
1571 497 1655 543 per
1692 483 1774 529 tri·
1797 494 1816 526 5

180 553 325 600 duum
368 553 548 600 lienoso
585 555 744 600 ieiuno
782 552 1009 599 bibendos
1047 552 1190 599 dabis.
1258 551 1412 599 Herba
1448 553 1681 599 vettonica
1717 566 1774 598 ex

180 625 286 670 vino
324 623 518 670 decocta
555 628 602 670 et
638 624 772 684 potui
806 622 997 670 lienosis
1035 622 1141 670 data
1177 622 1433 684 plurimum
1469 622 1675 684 prodest.

319 692 370 739 Si
407 694 513 754 quis
551 692 608 739 de
646 692 806 754 splene
843 695 961 740 asini
990 693 1193 740 arefacto
1225 692 1415 740 cottidie
1446 693 1632 739 ieiunus
1663 706 1774 752 pau-

177 763 332 810 sillum
368 763 632 826 manducet,
669 765 735 810 ita
770 769 988 825 potenter
1026 762 1279 825 sanabitur,
1316 769 1370 809 ut
1405 763 1528 808 intra
1565 761 1775 808 triduum

178 833 354 880 utilitas
397 833 596 880 remedii
640 833 781 880 huius
827 838 1057 895 appareat.
1130 832 1287 879 Herba
1322 832 1536 893 hippuris
1574 833 1775 878 contrita
1797 841 1838 873 ιο

178 909 224 949 et
261 917 370 950 cum
405 904 512 949 vino
551 908 739 950 austero
778 908 859 950 aut
896 917 1004 950 cum
1041 902 1239 964 oxymeli
1281 903 1415 964 potui
1461 902 1567 948 data
1610 906 1772 962 poten-

181 975 360 1019 tissime
403 972 596 1020 lienosis
634 974 882 1020 succurrit.
949 972 1161 1019 Hederae
1198 971 1432 1018 silvaticae
1469 973 1629 1032 nigrae
1667 970 1775 1017 folia

180 1045 382 1090 contrita
412 1049 459 1090 et
488 1058 546 1090 ex
568 1044 675 1089 vino
701 1044 833 1104 potui
857 1042 962 1089 data
984 1042 1176 1089 lienosis
1199 1043 1398 1088 maximo
1421 1041 1591 1088 auxilio
1622 1047 1774 1103 erunt,

179 1115 243 1160 ita
272 1119 326 1159 ut
354 1114 506 1174 primo
538 1113 612 1159 die
640 1114 743 1174 tria,
774 1112 942 1159 deinde
967 1113 1189 1174 quinque,
1219 1113 1359 1158 tertio
1382 1116 1577 1172 septem,
1609 1116 1774 1171 quarto

179 1197 359 1245 novem,
391 1184 554 1242 quinto
578 1182 813 1244 undecim,
844 1187 974 1228 sexto
998 1181 1239 1242 tredecim,
1271 1182 1469 1242 septimo
1495 1179 1775 1243 quindecim,
1798 1191 1839 1223 15

180 1258 341 1299 octavo
379 1250 518 1315 XVII,
555 1266 679 1298 nono
716 1250 897 1314 XVIIII,
935 1251 1115 1298 decimo
1153 1249 1260 1296 XXI
1298 1250 1482 1297 dentur.

319 1320 630 1368 Utilissimum
666 1321 857 1368 lienosis
893 1321 982 1367 hoc
1012 1320 1276 1367 remedium
1306 1316 1396 1367 est:
1435 1319 1610 1381 Caprae
1640 1319 1776 1366 lacta-

178 1406 255 1438 res
301 1391 597 1438 abstinentur
642 1406 667 1438 a
712 1391 816 1438 cibo
869 1405 954 1452 per
1004 1390 1239 1453 triduum,
1290 1391 1431 1436 tertio
1484 1389 1558 1436 die
1603 1389 1777 1436 hedera

178 1462 501 1508 tantummodo
550 1466 821 1508 saturantur
865 1467 912 1507 et
951 1459 1250 1523 mulguntur,
1301 1464 1550 1520 antequam
1594 1458 1777 1522 bibant3

177 1533 220 1578 si
270 1546 328 1578 ex
379 1546 434 1578 eo
486 1531 604 1578 lacte
658 1532 886 1577 sextarios
935 1536 1033 1577 tres
1077 1544 1163 1591 per
1206 1530 1416 1576 triduum
1461 1528 1635 1575 calidos
1688 1535 1777 1575 sta·
1800 1539 1842 1570 20

179 1603 284 1664 tim,
332 1601 563 1662 quomodo
609 1600 750 1648 mulsi
801 1601 1000 1662 fuerint,
1047 1601 1233 1646 ieiunus
1284 1599 1491 1645 lienosus
1542 1599 1776 1659 acceperit

176 1673 261 1734 ita,
301 1679 352 1717 ut
391 1670 543 1718 nullos
587 1670 701 1717 alios
747 1670 877 1717 cibos
921 1669 999 1716 illo
1044 1669 1202 1716 triduo
1244 1668 1514 1731 manducet,
1557 1672 1775 1730 potenter

177 1740 431 1789 sanabitur.

318 1810 529 1857 Irenacei
572 1810 665 1856 lien
702 1824 836 1857 assus
872 1811 922 1856 in
960 1808 1064 1856 cibo
1103 1814 1318 1869 sumptus
1355 1807 1586 1854 lienosum
1623 1807 1773 1853 effica-

178 1882 296 1928 citer
333 1894 501 1927 curare
531 1881 695 1926 fertur.
753 1879 1035 1940 Vulpeculae
1068 1880 1206 1925 etiam
1236 1880 1368 1924 iecur
1397 1877 1581 1924 aridum
1611 1878 1775 1924 tritum
1797 1886 1837 1919 25

178 1965 285 1996 cum
331 1950 531 2011 oxymeli
575 1951 734 1997 datum
782 1949 971 1996 lienosis
1023 1950 1141 1995 mire
1194 1947 1422 1995 medetur.
1502 1946 1775 1994 Coclearum

179 2019 532 2066 combustarum
564 2021 682 2067 cinis
721 2034 828 2066 cum
865 2019 949 2066 lini
987 2021 1163 2065 semine
1202 2023 1340 2079 atque
1378 2018 1558 2063 urticae
1597 2017 1774 2062 semine

181 2091 321 2136 tritus
352 2090 535 2136 adiecto
565 2089 717 2153 melle,
756 2089 880 2151 quod
911 2090 1023 2136 satis
1055 2087 1302 2150 videbitur,
1340 2086 1531 2133 adsidue
1562 2100 1588 2132 a
1616 2086 1772 2132 ieiuno

180 2159 358 2206 lienoso
396 2165 618 2220 acceptus
655 2160 778 2206 intra
814 2173 989 2220 paucos
1025 2159 1124 2205 dies
1155 2171 1262 2204 eum
1293 2155 1484 2203 sanabit.
1544 2154 1773 2201 Lienosus

180 2229 368 2290 oxyfera
405 2229 597 2276 adsidue
635 2228 796 2275 bibere
836 2228 976 2276 debet
1012 2234 1059 2275 et
1096 2228 1206 2274 dum
1245 2231 1450 2287 curatur,
1481 2226 1529 2271 in
1560 2229 1771 2270 ventrem
1794 2236 1835 2267 30

179 2298 318 2345 debet
354 2300 520 2345 iacere.
580 2298 702 2345 Ruta
732 2313 839 2345 cum
870 2299 1004 2360 adipe
1035 2298 1250 2344 anserino
1281 2295 1353 2342 vel
1382 2294 1633 2356 gallinaceo
1664 2308 1772 2340 con-

181 2370 289 2415 trita
327 2383 480 2430 panno
518 2369 709 2415 inducta
747 2375 794 2415 et
829 2368 941 2415 lieni
979 2368 1180 2429 inposita
1211 2366 1341 2412 sedat
1370 2364 1589 2411 dolorem.
1644 2363 1771 2409 Ster-

181 2453 265 2484 cus
296 2453 529 2499 aprunum
553 2440 730 2486 siccum
756 2440 1012 2485 contritum
1035 2452 1091 2483 ex
1113 2438 1219 2483 vino
1242 2436 1375 2497 potui
1397 2434 1555 2480 datum
1577 2433 1772 2495 pulchre

180 2523 274 2554 non
312 2508 464 2554 solum
501 2508 690 2572 splenis,
728 2508 810 2555 sed
848 2514 894 2555 et
931 2509 1114 2554 renium
1152 2505 1301 2552 dolori
1337 2504 1566 2551 medetur.

323 2619 372 2655 11
414 2614 634 2668 oxymelli.
724 2619 774 2655 19
812 2614 1070 2668 mulguntur
1100 2611 1209 2666 (sic).
1295 2615 1350 2653 20
1378 2610 1592 2664 triduum]
1625 2608 1774 2651 duum.

181 2673 236 2710 24
263 2668 489 2713 irenascei.
592 2674 645 2712 25
675 2682 827 2712 curare
856 2669 1015 2724 fertur]
1044 2679 1217 2710 arcurre
1246 2666 1445 2709 refertur.
1543 2663 1771 2719 vulpiculi.

181 2729 234 2767 26
265 2725 470 2768 oximelli.
587 2730 640 2767 28
671 2725 859 2768 adlecto.
972 2729 1025 2766 29
1057 2725 1273 2776 acceptos,
1388 2726 1442 2764 34
1471 2721 1683 2763 medatur.
