1898 3016
78 616 128 654 13

70 1735 123 1773 14

72 2572 122 2610 15

776 159 834 166 --
917 132 1017 183 192
1093 161 1156 167 —-

165 255 235 302 vel
283 271 422 317 quam
469 272 631 304 zonam
668 265 834 306 vocant
880 259 998 306 bene
1045 261 1155 308 facit
1200 260 1303 307 data
1350 275 1406 307 ex
1451 276 1569 323 aqua
1612 262 1761 309 mulsa

163 325 373 373 detracto
418 328 551 388 prius
598 331 843 391 sanguine,
887 331 927 376 si
971 344 1048 376 res
1086 329 1411 394 postulaverit,
1457 331 1581 393 quod
1629 339 1675 379 et
1711 334 1761 380 in

164 396 381 443 omnibus
412 397 514 444 aliis
545 399 670 446 vitiis
701 414 844 460 supra
875 399 1013 446 dictis
1038 399 1300 447 faciendum
1325 407 1417 464 est3
1452 403 1605 448 omnia
1636 403 1760 449 enim

161 466 330 513 auxilia
379 467 638 514 adhibenda
684 476 813 531 sunt,
859 484 977 531 quae
1022 484 1078 516 ex
1124 483 1212 517 usu
1257 470 1480 531 prodesse
1523 478 1761 532 comperta

160 535 401 600 habemus,
446 539 552 599 quia
591 538 747 585 adiuta
785 539 1020 586 antidotos
1058 540 1289 587 faciliores
1326 539 1515 587 habebit
1552 541 1759 588 effectus.
1782 555 1802 587 5

303 607 488 668 Recipit
510 622 620 669 ergo
643 607 779 656 haec:
812 608 1185 672 Chamaedropis,
1217 624 1335 672 quae
1359 609 1504 656 herba
1528 610 1761 658 simillima

162 691 340 739 quercu
386 676 494 723 folia
539 677 700 740 habet,
754 680 947 741 agarici,
1002 680 1274 728 cucurbitae
1319 679 1568 743 silvestris,
1622 695 1760 742 quam

165 746 536 808 colocynthidam
581 748 834 812 appellant,
880 749 1162 814 stoechadis,
1207 749 1499 811 singulorum
1544 750 1759 797 denarios

160 817 319 879 denos,
351 820 645 880 opopanacis,
679 821 912 883 sagapeni,
942 820 1229 883 petroselini,
1259 825 1412 885 terrae
1436 819 1559 884 mali,
1581 821 1759 881 piperis

159 887 270 949 albi,
316 887 607 948 singulorum
646 888 862 936 denarios
908 891 1096 953 quinos,
1141 891 1364 953 cinnami,
1410 890 1544 936 nardi
1589 891 1759 952 spicae,
1782 904 1822 935 10

158 971 365 1019 myrrae,
409 957 528 1020 folii,
576 960 724 1020 croci,
770 959 1062 1020 singulorum
1105 961 1322 1007 denarios
1368 965 1633 1021 quaternos.
1706 959 1758 1006 In

157 1041 304 1073 unum
335 1029 489 1074 omnia
521 1027 768 1089 diligenter
798 1030 1053 1090 ponderata
1089 1029 1443 1077 contunduntur
1475 1035 1521 1076 et
1551 1029 1758 1076 cribran-

157 1102 236 1143 tur
280 1103 466 1158 praeter
512 1112 824 1159 opopanacem
870 1106 916 1145 et
961 1114 1244 1161 sagapenum
1289 1105 1336 1145 et
1376 1114 1598 1161 myrram3
1642 1099 1757 1146 haec

157 1168 281 1212 enim
330 1168 552 1213 mortario
598 1169 689 1214 teri
741 1168 913 1215 debent
973 1170 1153 1216 adiecto
1206 1168 1341 1216 melle
1386 1170 1539 1231 tenui,
1594 1169 1641 1214 id
1686 1176 1758 1215 est

158 1250 296 1297 quam
334 1236 671 1300 liquidissim03
710 1238 878 1284 deinde
923 1241 1094 1286 ceteris
1140 1241 1506 1302 permiscentur,
1549 1253 1665 1300 quae
1711 1246 1758 1285 et
1782 1251 1821 1282 15

155 1307 256 1367 ipsa
294 1307 507 1367 recipere
546 1307 719 1354 debent
757 1314 939 1355 tantum
976 1309 1140 1373 mellis,
1180 1315 1403 1371 quantum
1439 1311 1550 1355 satis
1581 1310 1671 1355 erit
1701 1308 1755 1354 ad

155 1376 593 1437 comprehendenda
631 1384 679 1424 et
716 1379 995 1425 continenda
1034 1394 1086 1426 ea
1126 1380 1196 1426 vel
1235 1378 1610 1439 conglutinanda.
1669 1378 1756 1424 Re-

153 1447 345 1506 ponitur
375 1446 768 1494 medicamentum
800 1463 907 1494 vaso
940 1451 1088 1496 vitreo
1120 1450 1207 1497 sub
1240 1449 1492 1511 signaculo,
1524 1449 1673 1510 datur,
1705 1456 1758 1495 ut

155 1530 295 1576 supra
335 1516 537 1563 diximus
576 1523 623 1564 et
654 1518 1044 1579 quemadmodum
1078 1521 1297 1582 diximus,
1329 1533 1436 1566 cum
1467 1533 1646 1565 summa
1677 1517 1755 1564 ob·

155 1587 417 1633 servatione
462 1601 547 1648 pro
594 1589 822 1649 cuiusque
866 1590 936 1634 rei
981 1591 1135 1636 causis
1182 1590 1254 1637 vel
1296 1590 1530 1635 mensuris
1570 1587 1640 1634 vel
1678 1602 1754 1634 ne·
1778 1601 1819 1632 20

154 1656 474 1720 cessitatibus3
513 1662 585 1703 est
621 1672 817 1718 prorsus
856 1672 1056 1722 sacrum,
1094 1666 1147 1706 ut
1184 1667 1346 1707 auctor
1379 1660 1581 1704 nominis
1613 1657 1753 1704 huius

152 1725 411 1786 appellavit.
487 1726 537 1773 Si
589 1727 772 1788 quando
824 1734 980 1775 autem
1032 1729 1293 1777 efficaciore
1349 1727 1633 1774 voluerimus
1686 1729 1756 1774 uti

153 1801 348 1856 propter
377 1796 700 1844 difficultatem
731 1798 989 1845 naturalem
1018 1800 1237 1847 vitiorum
1268 1803 1348 1847 aut
1378 1812 1624 1844 causarum
1652 1796 1751 1844 diu-

154 1867 444 1928 turnitatem,
482 1873 534 1913 ut
572 1869 611 1913 si
649 1867 852 1914 dandum
891 1870 952 1915 sit
989 1869 1180 1916 furiosis
1219 1877 1298 1917 aut
1335 1867 1558 1915 comitiali
1590 1866 1753 1914 morbo

154 1938 385 1997 correptis
414 1936 486 1983 vel
515 1936 782 1984 lumborum
814 1945 1095 2000 perpetuum
1127 1939 1334 1987 dolorem
1365 1937 1644 1985 habentibus
1675 1953 1753 1999 po·
1778 1953 1817 1985 25

154 2005 351 2066 dagrave
390 2008 626 2069 cruciatis,
664 2007 936 2055 cucurbitae
975 2008 1202 2057 silvestris
1238 2010 1493 2057 adicIemus
1524 2008 1580 2054 ad
1610 2022 1753 2069 supra

153 2075 276 2122 dicta
320 2076 528 2136 pondera
573 2077 789 2126 denarios
834 2078 996 2125 decem
1041 2085 1087 2126 et
1131 2079 1411 2141 opopanacis
1450 2086 1588 2139 atque
1626 2092 1751 2139 saga—

152 2146 264 2206 peni
301 2146 516 2192 denarios
556 2149 745 2211 quinos,
791 2148 1094 2209 quamobrem
1143 2156 1339 2211 utraque
1384 2155 1543 2209 parata
1582 2147 1754 2194 debent

154 2229 256 2261 esse
298 2215 657 2280 medicamenta,
702 2224 774 2280 ut,
822 2233 928 2265 cum
975 2234 1091 2280 opus
1137 2220 1299 2282 fuerit,
1345 2233 1459 2265 usus
1504 2219 1750 2278 utriusque

151 2285 199 2331 in
253 2292 474 2346 promptu
527 2288 600 2334 sit.
683 2287 800 2334 Illud
861 2303 971 2335 sane
1030 2304 1141 2351 prae
1194 2291 1363 2336 ceteris
1418 2287 1529 2334 mihi
1584 2287 1747 2334 credas
1771 2304 1813 2335 30

151 2353 311 2418 velim,
356 2355 466 2402 dum
510 2358 559 2403 in
604 2357 704 2404 aliis
751 2357 892 2405 rebus
937 2360 1036 2421 ipse
1083 2361 1175 2405 vim
1220 2361 1320 2406 eius
1367 2359 1616 2419 experiris,
1660 2358 1750 2404 hoc

151 2424 491 2473 medicamento
544 2442 639 2473 non
684 2427 835 2474 solum
880 2443 973 2475 non
1021 2430 1182 2476 noceri
1225 2428 1535 2490 stomachum,
1589 2442 1751 2474 verum

153 2495 292 2542 etiam
329 2495 461 2542 refici
498 2503 545 2544 et
582 2498 850 2545 confirmari
888 2513 1029 2560 supra
1066 2500 1274 2545 omnium
1312 2499 1592 2559 opinionem.

295 2564 700 2627 Medicamentum,
733 2568 856 2629 quod
887 2570 1076 2629 proprie
1107 2568 1330 2615 adversus
1355 2567 1634 2615 solutionem
1658 2575 1749 2615 sto-

160 2759 167 2765 .
296 2732 319 2768 6
352 2728 703 2785 chamaedropis]
736 2731 1007 2784 χαμαίὸρυος
1038 2730 1234 2773 Scribon.
1322 2736 1346 2773 8
1375 2731 1746 2786 colocynthidam]

153 2783 457 2824 κολοκυνθίδα
487 2784 684 2828 Scribon.
800 2791 851 2828 31
882 2787 1012 2828 rebus
1042 2799 1120 2829 om.
1154 2785 1349 2831 Scribon.
