1898 3016
741 117 794 123 -.
873 89 939 139 49
1016 119 1072 123 --

114 218 318 279 liuguam
362 217 513 280 bovis,
566 217 707 265 addes
752 219 890 265 etiam
929 232 1061 264 rosae
1098 218 1354 281 heminam3
1400 219 1514 266 haec
1553 222 1704 267 omnia

115 290 163 334 in
194 287 328 334 ollam
361 289 538 350 mittes,
569 294 810 348 praeterea
842 287 982 334 addes
1013 288 1313 334 furfuriculas
1344 291 1392 335 in
1423 288 1566 336 linteo
1597 290 1705 351 liga·

115 363 185 404 tas
223 357 279 403 ad
316 356 425 419 hoc,
463 363 516 403 ut
553 357 907 404 amaritudinem
946 356 1116 403 herbae
1155 357 1379 404 deliniant
1422 366 1467 405 et
1506 362 1571 406 sic
1611 360 1705 407 fur-

115 425 340 473 furiculae
379 428 505 487 ipsae
536 428 584 472 in
615 426 811 473 saccello
843 425 1157 488 combulliant,
1195 426 1308 474 haec
1339 430 1492 474 omnia
1523 429 1577 475 ad
1614 436 1704 476 ter-

73 511 92 542 5
116 497 204 542 tias
249 495 482 557 decoques
531 502 576 542 et
620 495 829 556 tepidum
877 495 1199 557 gargarizabis.
1272 496 1704 558 Experimentatum
1739 509 1789 547 18

114 565 371 612 remedium
424 565 668 612 adversum
721 567 1017 626 ingruentem
1076 573 1332 629 catarrum,
1387 573 1439 613 ut
1492 582 1606 614 cena
1659 574 1704 614 te

115 634 346 681 abstineas
383 640 430 681 et
467 633 522 681 ab
565 633 723 680 holere
763 641 808 681 et
845 649 870 681 a
914 634 1055 681 rebus
1102 635 1235 682 salsis
1281 642 1327 683 et
1370 635 1704 700 liquaminosis‚

114 718 221 750 nam
259 703 567 764 indigestione
605 703 699 750 cibi
737 710 783 750 et
818 705 927 750 vitio
960 704 1204 751 cruditatis
1234 707 1443 752 nascitur
1473 714 1704 769 catarrus3

114 772 440 820 abstinendum
478 787 587 820 sane
625 779 730 820 ante
770 775 921 820 omnia
960 774 1211 835 pinguibus
1249 774 1380 821 cibiS.
1441 775 1531 822 Sed
1571 779 1611 822 si
1649 777 1704 823 de

52 858 93 891 10
116 843 417 904 perfrictione
471 843 612 889 suerit
669 849 899 906 catanus,
961 843 1261 890 caldamentis
1320 844 1539 892 adhibitis
1598 845 1703 892 ilico

116 913 345 973 sopietur:
383 912 506 973 quod
546 915 584 958 si
622 912 679 958 de
718 912 970 975 cruditate,
1007 912 1267 974 placabitur
1303 913 1379 960 illa
1416 929 1467 960 re
1506 914 1616 977 sola,
1655 922 1706 962 ut

115 995 207 1027 non
246 987 460 1045 cenetur,
497 982 644 1028 donec
684 983 868 1043 penitus
898 982 1052 1029 ssuxus
1083 984 1184 1030 eius
1215 989 1415 1046 arescat3
1454 998 1561 1030 cum
1599 984 1705 1031 sub-

116 1053 308 1097 strictus
346 1051 507 1112 suerit,
552 1051 608 1098 ad
647 1051 1033 1099 consuetudinem
1071 1052 1268 1099 cenandi
1304 1056 1570 1100 reverteris.
1637 1053 1703 1100 Ad
1739 1064 1788 1102 19

117 1125 349 1167 catarrum
379 1121 776 1182 restringendum:
828 1121 971 1182 Sapae
1007 1121 1217 1168 heminas
1255 1128 1351 1169 tres
1390 1128 1437 1170 et
1473 1126 1704 1170 satureiae

54 1206 94 1237 15
118 1189 390 1236 fasciculum
429 1198 474 1237 et
510 1190 675 1251 hysopi
710 1190 994 1251 aliquantum
1025 1191 1206 1238 fervere
1238 1191 1376 1238 simul
1404 1193 1562 1255 facies,
1594 1207 1704 1254 quo-

118 1273 267 1319 usque
305 1259 412 1305 inde
451 1262 681 1306 sextarius
718 1261 809 1322 fiat,
848 1266 894 1306 et
930 1262 997 1307 sic
1035 1261 1399 1321 gargarizabitur
1437 1268 1509 1308 ter
1546 1264 1592 1308 in
1632 1262 1705 1309 die

116 1330 163 1374 in
209 1328 309 1375 loco
356 1329 511 1389 tepido
557 1335 636 1375 aut
679 1328 735 1375 ad
781 1329 925 1376 solem
970 1337 1107 1390 atque
1153 1330 1241 1377 hoc
1288 1338 1379 1377 tam
1425 1331 1505 1378 diu
1550 1331 1705 1394 facies,

117 1397 265 1444 donec
302 1397 567 1445 inhibeatur
604 1400 754 1444 omnis
792 1405 1022 1461 catarrus,
1068 1405 1205 1460 atque
1243 1399 1332 1446 illis
1370 1400 1557 1458 diebus,
1606 1402 1704 1462 qui·

118 1466 206 1513 bus
244 1469 516 1530 gargarizas‚
555 1467 809 1514 abstinebis
846 1467 1099 1530 liquamine
1138 1474 1184 1515 et
1221 1469 1379 1516 holere
1411 1475 1458 1516 et
1487 1469 1621 1516 salsis
1652 1485 1705 1518 ac

53 1552 94 1582 20
116 1536 367 1597 pinguibus
398 1536 527 1583 cibis.
575 1537 642 1583 Ad
679 1544 911 1584 catarrum
949 1538 1329 1598 restringendum
1361 1540 1567 1601 quinque
1601 1554 1703 1600 par·
1735 1550 1789 1588 20

115 1612 187 1652 tes
232 1607 326 1652 vini
370 1614 416 1652 et
460 1613 636 1653 sextam
681 1606 829 1653 mellis
874 1607 1093 1655 miscebis
1139 1622 1192 1655 ac
1244 1609 1494 1669 tepefacies
1547 1616 1593 1656 et
1638 1611 1705 1656 sic

116 1674 436 1736 gargarizabis,

792 1758 915 1805 CAP.
954 1758 1024 1805 VI.

136 1846 401 1899 Alopeciis
438 1849 492 1889 et
526 1846 682 1889 tineis
719 1848 773 1890 et
810 1847 1000 1900 capillo
1036 1848 1226 1890 fluenti
1261 1851 1425 1901 atque
1458 1849 1684 1893 infirmo.

256 1951 424 2015 Herba,
462 1967 579 2014 quae
618 1952 789 2000 dicitur
826 1954 1138 2001 trichomanes
1177 1954 1247 2001 vel
1277 1955 1508 2018 adianton‚
1547 1956 1707 2003 eadem
1740 1968 1760 2003 1

117 2027 163 2068 et
201 2021 482 2068 callitrichos
521 2022 799 2084 appellatur,
846 2031 1039 2070 contusa
1085 2031 1131 2070 et
1176 2039 1282 2071 cum
1328 2025 1428 2072 oleo
1466 2025 1597 2072 inlita
1635 2025 1707 2072 vel

54 2106 94 2138 25
117 2093 297 2138 incocta
328 2091 557 2153 alopecias
588 2092 721 2139 facile
753 2099 896 2140 curat.
948 2093 1069 2154 Cepe
1099 2093 1302 2157 longum,
1334 2095 1457 2156 quod
1489 2096 1706 2156 ceputius
1738 2106 1761 2143 2

117 2162 402 2223 nominatur,
450 2176 592 2223 super
636 2162 864 2223 alopecias
910 2165 1047 2209 terito
1092 2163 1386 2226 frequenter,
1440 2179 1531 2225 quo
1585 2166 1705 2211 facto

117 2230 305 2291 capillos
345 2233 571 2278 maturius
610 2232 844 2278 excitabis.
905 2232 1048 2279 Nucis
1087 2234 1303 2296 escariae,
1341 2233 1388 2280 id
1428 2240 1500 2280 est
1529 2234 1704 2294 iuglan-
1737 2245 1760 2282 3

117 2300 207 2362 dis,
253 2306 370 2347 testa
409 2307 601 2347 contusa
642 2301 711 2347 vel
754 2301 995 2349 combusta
1034 2309 1080 2349 et
1117 2304 1381 2349 minutatim
1419 2304 1528 2350 trita
1566 2309 1705 2365 atque
1737 2314 1763 2351 4

118 2370 296 2416 adiecto
335 2370 436 2416 oleo
475 2372 674 2431 inposita
704 2372 940 2418 'infantum
979 2371 1198 2433 alopeciis
1236 2372 1390 2434 capilli
1434 2380 1705 2421 nascuntur.
1738 2383 1761 2421 5

56 2454 96 2485 30
118 2438 351 2486 Insantum
397 2439 707 2501 alopeciarum
753 2443 861 2488 vitia
907 2443 1149 2488 anserinae
1203 2441 1350 2503 adipis
1402 2443 1705 2503 perfrictione
1737 2454 1764 2490 6

120 2509 410 2569 supplentur.
471 2509 840 2557 Gallinaceorum
879 2518 1061 2558 stercus
1100 2526 1207 2557 cum
1238 2511 1337 2558 oleo
1369 2517 1570 2573 utroque
1602 2527 1706 2573 per-

119 2581 312 2625 mixtum
350 2579 567 2639 alopeciis
606 2579 718 2626 utile
757 2586 840 2626 est.
910 2581 1060 2642 Adeps
1098 2582 1257 2627 ursina
1288 2595 1394 2628 cum
1426 2582 1595 2645 fungis,
1627 2583 1708 2642 qui

119 2649 166 2693 in
197 2647 363 2709 lychno
394 2649 611 2695 lucernae
643 2658 964 2708 concrescunt,
997 2650 1187 2697 subacta
1218 2657 1264 2698 et
1294 2651 1512 2712 alopeciis
1537 2666 1706 2712 perun-

30 2749 52 2771 -,
121 2718 271 2763 ctione
310 2719 509 2779 inposita
546 2721 744 2779 pristino
783 2720 942 2768 decori
980 2726 1119 2781 caput
1152 2726 1366 2768 revocato
1406 2723 1535 2768 crine
1573 2722 1707 2767 resti-

202 2803 456 2845 MAchmms,
480 2813 542 2835 m).
565 2806 810 2836 Hnnmnmcn.
1431 2804 1456 2840 4
