1930 3008
747 93 1121 144 —337—

280 223 537 270 Adversum
577 223 822 283 inguinum
852 220 1092 282 paniculas
1122 219 1381 267 remedium
1414 222 1501 267 sic:
1538 219 1728 267 Nastur-
1761 229 1788 267 8

137 296 262 341 cium
302 307 407 339 cum
446 293 549 353 pice
587 292 841 352 inpositum
871 290 1111 351 paniculas
1143 289 1355 351 discutit3
1393 291 1589 336 maturis
1619 303 1729 336 vero

136 369 216 411 aut
261 361 686 409 maturescentibus
731 360 960 421 paniculis
1003 359 1094 406 tale
1138 359 1427 405 medicamen
1473 358 1729 421 adhibebis,

133 433 181 480 id
227 439 299 478 est
342 431 608 479 lenticulam
653 437 699 477 et
744 430 864 477 lauri
901 429 1039 476 bacas
1083 443 1139 475 ex
1182 430 1323 475 tertio
1368 430 1496 476 iuxta
1541 443 1727 476 mensu-

92 519 112 552 5
135 516 234 548 ram
264 501 512 548 lenticulae
549 501 783 561 decoques
820 501 869 546 in
903 514 1021 561 aqua
1052 504 1099 545 et
1129 498 1483 559 diligentissime
1513 498 1729 545 manibus

134 571 324 632 subiges
378 578 424 617 et
475 585 582 617 cum
629 570 732 616 lana
777 569 976 616 calidum
1021 570 1278 615 fomentum
1323 568 1550 631 adpones,
1604 568 1727 630 quod

135 643 227 688 cito
273 655 325 687 ac
371 640 670 686 vehementer
715 646 761 686 et
806 638 1015 686 dolorem
1059 630 1284 685 discutiet
1326 645 1372 684 et
1417 652 1606 684 umores
1647 652 1727 684 no·

133 713 233 757 xios
270 709 499 771 purgabit.

273 779 447 826 Ervum
480 785 612 825 vetus
642 779 691 824 in
722 778 916 825 farinam
943 777 1262 824 mollissimam
1285 777 1526 824 redactum
1552 785 1599 823 et
1622 791 1728 824 cum
1759 787 1783 825 9

72 869 112 900 ιο
135 849 270 897 melle
307 850 563 910 inpositum
600 847 829 910 paniculis
866 847 1095 894 medetur.
1156 846 1366 893 Mirabile
1403 846 1493 893 hoc
1530 846 1728 893 medica·
1761 857 1814 894 10

135 925 343 966 mentum
388 918 616 980 paniculis
655 918 872 964 sanandis
910 919 999 964 sic:
1050 916 1329 978 Hyoscyami
1365 916 1583 963 foliorum
1621 917 1728 962 viri-

135 989 262 1036 dium
299 988 347 1035 P.
379 988 434 1051 ll,
470 989 653 1034 resinae
691 989 892 1049 pityinae
930 987 978 1033 P.
1011 986 1065 1048 11,
1105 1001 1239 1033 cerae
1264 986 1318 1032 P.
1349 985 1404 1048 II,
1443 985 1591 1047 adipis
1622 1000 1727 1046 por-

135 1060 266 1106 cinae
305 1060 404 1104 sine
443 1058 536 1104 sale
566 1058 616 1104 P.
647 1057 702 1119 II,
739 1057 923 1118 galbani
951 1056 1000 1103 P.
1031 1056 1084 1103 ΙΙ.
1144 1055 1310 1102 Omnia
1342 1055 1456 1102 haec
1487 1062 1626 1102 tunsa
1655 1055 1727 1102 vel

135 1130 330 1174 remissa
375 1129 423 1173 in
468 1142 614 1174 unum
659 1141 830 1187 corpus
875 1126 1059 1186 rediges
1104 1132 1150 1172 et
1194 1125 1433 1186 emplastri
1473 1126 1611 1172 modo
1650 1125 1726 1172 ad-

71 1217 111 1248 15
135 1212 293 1260 pones.
361 1196 543 1243 Calcem
580 1198 749 1258 vivam,
788 1196 866 1242 alii
902 1197 1051 1256 capita
1089 1196 1202 1258 duo,
1240 1194 1420 1241 vitellos
1459 1201 1617 1242 coctos
1655 1194 1727 1241 vel
1760 1205 1810 1242 11

133 1270 342 1314 incoctos
373 1281 565 1313 ovorum
597 1267 760 1313 trium:
799 1265 937 1312 simul
967 1267 1120 1311 omnia
1149 1266 1379 1326 permixta
1410 1271 1457 1311 et
1487 1264 1727 1326 emplastri

133 1351 262 1383 more
308 1337 517 1397 adposita
562 1350 747 1382 omnem
791 1343 1023 1382 tumorem
1069 1341 1116 1380 et
1161 1335 1368 1381 dolorem
1405 1334 1725 1395 panicularum

133 1407 411 1467 dispergunt
448 1412 494 1452 et
532 1406 707 1452 sedant.

275 1476 531 1523 Galbanum
570 1475 720 1522 solum
757 1476 881 1521 inter
910 1475 1141 1535 principia
1173 1473 1345 1519 doloris
1374 1473 1618 1534 paniculae
1649 1474 1725 1519 ad·
1758 1483 1810 1520 12

0 1549 1 1555 ’
70 1565 111 1596 20
133 1548 336 1608 positum
375 1545 628 1607 plurimum
658 1545 862 1606 prodest.
921 1543 1132 1590 Feniculi
1163 1543 1309 1589 farina
1341 1557 1396 1589 ex
1426 1543 1575 1589 mulsa
1607 1557 1725 1604 aqua
1758 1553 1810 1590 13

134 1617 324 1663 decocta
369 1615 523 1661 addita
568 1617 765 1675 axungia
803 1614 1011 1674 adposita
1050 1612 1257 1659 dolorem
1293 1614 1536 1673 inguinum
1576 1613 1726 1675 sedat3

133 1686 270 1732 fimus
300 1685 512 1732 hircinus
543 1699 650 1731 cum
681 1683 816 1731 melle
841 1684 1063 1730 decoctus
1087 1683 1328 1743 adpositus
1352 1682 1582 1743 paniculis
1607 1683 1726 1728 sani-

132 1762 274 1803 tatem
306 1769 558 1815 congruam
588 1760 806 1815 praestat.
859 1753 995 1800 Creta
1018 1751 1208 1799 Cimolia
1239 1753 1349 1798 trita
1379 1758 1426 1798 et
1456 1767 1563 1798 cum
1594 1758 1724 1798 aceto
1759 1761 1811 1798 14

134 1825 465 1886 superinducta
498 1823 685 1870 cohibet
713 1823 1033 1884 panicularum
1064 1828 1309 1868 tumorem.
1363 1821 1468 1867 Sive
1498 1823 1724 1883 incipien-
1758 1831 1810 1868 15

71 1912 112 1943 25
135 1902 230 1942 tem
267 1894 531 1955 paniculam
568 1895 814 1953 comprimi
851 1907 967 1953 opus
999 1893 1059 1938 sit
1089 1894 1185 1938 sive
1220 1897 1491 1938 concoctam
1522 1890 1725 1954 dissolvi,

133 1963 388 2027 praestabit
430 1963 734 2010 utilissimum
778 1962 1037 2009 remedium
1079 1963 1198 2007 cinis
1235 1962 1468 2007 muricum
1507 1961 1579 2007 vel
1615 1974 1724 2021 pur-

132 2048 357 2096 purarum
396 2039 665 2079 exustarum
703 2047 808 2079 cum
847 2032 948 2078 oleo
986 2037 1144 2078 vetere
1181 2032 1428 2091 impositus
1464 2030 1533 2076 vel
1563 2044 1724 2091 super-

134 2105 317 2151 ductus.
370 2103 541 2163 Lupini
579 2117 635 2148 ex
672 2108 802 2148 aceto
841 2103 962 2148 cocti
992 2107 1038 2147 et
1069 2100 1250 2147 subacti
1281 2106 1327 2147 et
1356 2114 1441 2160 pro
1473 2100 1723 2161 emplastro
1757 2109 1808 2146 16

133 2174 334 2235 adpositi
377 2187 563 2219 causam
608 2171 928 2232 panicularum
973 2177 1208 2217 maturant
1252 2177 1299 2216 et
1342 2172 1562 2216 minuunt
1598 2169 1723 2215 dolo-

69 2260 109 2290 30
133 2258 245 2291 rem.
311 2243 450 2289 Ficus
495 2243 709 2288 Africana
754 2247 935 2287 vetusta
982 2255 1038 2286 ex
1082 2242 1186 2286 vino
1233 2240 1425 2286 decocta
1468 2247 1606 2285 tunsa
1651 2238 1724 2285 vel
1757 2248 1806 2286 17

131 2315 241 2360 trita
278 2312 457 2360 utiliter
493 2311 722 2373 paniculis
760 2311 1023 2371 adponitur.

271 2382 338 2429 Ne
382 2384 555 2442 inguen
601 2395 657 2427 ex
694 2380 852 2427 ulcere
891 2380 1043 2440 aliquo
1082 2386 1162 2426 aut
1197 2378 1389 2425 vulnere
1427 2380 1723 2440 intumescat,
1756 2386 1808 2423 18

134 2452 372 2498 surculum
419 2451 576 2498 anethi
620 2452 668 2497 in
707 2450 892 2510 cingulo
931 2456 1010 2496 aut
1046 2451 1095 2495 in
1133 2450 1273 2495 fascia
1311 2448 1479 2494 habeto
1517 2447 1722 2508 ligatum.

133 2521 185 2567 In
224 2528 378 2583 sparto
409 2521 480 2567 vel
512 2535 807 2582 quocumque
838 2519 1037 2582 vinculo,
1075 2533 1166 2580 quo
1199 2518 1335 2564 holus
1366 2523 1445 2564 aut
1475 2517 1722 2563 obsonium
1754 2526 1806 2563 19

0 2603 1 2606 ’
69 2606 110 2636 35
134 2591 275 2637 suerit
305 2592 540 2653 innexum,
571 2596 747 2651 septem
780 2590 925 2636 nodos
956 2590 1097 2636 facies
1122 2595 1167 2635 et
1190 2602 1274 2649 per
1297 2587 1504 2647 singulos
1527 2592 1722 2632 nectens

134 2659 392 2706 nominabis
424 2660 627 2720 singulas
658 2674 774 2706 anus
805 2659 966 2706 viduas
999 2665 1044 2705 et
1067 2657 1271 2719 singulas
1296 2657 1417 2703 feras
1441 2663 1487 2703 et
1509 2657 1558 2702 in
1582 2670 1721 2703 crure

133 2729 204 2776 vel
249 2729 460 2791 brachio,
505 2731 638 2776 cuius
682 2743 791 2790 pars
828 2728 1065 2776 vulnerata
1104 2729 1266 2790 fuerit,
1303 2726 1525 2787 alligabis.
1593 2725 1722 2779 Quae

216 2816 468 2855 MARcunnUs,
491 2824 551 2846 131).
576 2815 818 2846 Hmmnmcn.
1416 2809 1467 2846 22
