1930 3008
744 99 1127 150 —301—

277 227 481 274 Rafanus
518 229 566 274 in
602 233 761 288 partes
798 226 967 274 multas
1001 231 1186 273 secatur
1217 232 1263 273 et
1293 225 1387 272 sale
1417 227 1731 273 minutissimo
1762 236 1814 275 69

140 298 428 360 inspergitur
465 311 665 359 cumque
704 296 784 343 diu
814 298 878 343 ita
907 296 1231 358 permanserit,
1269 309 1467 343 excusso
1498 295 1593 343 sale
1624 311 1732 343 cum

139 366 339 429 oxymeli
381 367 690 414 manducatur
734 373 781 413 et
824 380 966 427 supra
1008 379 1127 427 aqua
1171 366 1350 411 marina
1391 371 1601 429 potatur3
1644 366 1731 412 hae

138 450 215 483 res
244 437 422 483 vomitu
451 438 593 483 citato
624 435 914 483 stomachum
945 434 1252 482 saluberrime
1282 440 1498 496 purgant.
1550 434 1731 497 Cymini
1763 446 1815 483 70

95 517 116 550 5
138 505 400 566 Aethiopici
430 507 730 567 semunciam,
760 505 890 552 floris
919 506 1034 551 nitri
1063 505 1349 551 semunciam
1377 518 1433 550 ex
1456 505 1562 550 vino
1586 506 1731 552 mixto

138 574 270 622 dabis
306 575 491 638 bibere,
530 581 867 636 praesentaneo
904 574 1112 621 remedio
1150 573 1401 620 subvenies
1438 575 1616 621 ventris
1653 574 1732 621 do-

137 644 227 691 lori
271 644 344 691 vel
388 645 534 692 strofo
578 644 821 691 laboranti.
885 643 1078 691 Filicem
1123 645 1172 690 in
1215 642 1420 705 qualibet
1457 642 1624 690 arbore
1661 646 1731 690 in-
1762 653 1814 692 71

137 719 292 760 natam
329 714 470 760 avelle
507 715 590 775 ita,
635 728 694 760 ne
731 720 905 760 terram
941 719 1119 775 tangat,
1164 718 1211 759 et
1248 712 1424 759 dolenti
1459 714 1584 759 inter
1621 728 1730 760 ven-

136 788 255 829 trem
293 788 340 829 et
376 782 576 829 fasceam
613 797 748 844 pone,
784 782 892 829 ilico
930 784 1106 828 ventris
1143 781 1303 828 dolore
1340 781 1637 829 relevabitur.

74 864 115 895 10
276 851 346 898 Ad
389 866 550 898 rosum
594 853 771 898 ventris
807 858 1111 913 praecantum
1159 851 1492 898 utillissimum.
1563 851 1730 899 Manus
1762 862 1814 898 72

137 922 353 968 sinistrae
397 921 611 983 pollicem
656 935 799 982 supra
846 927 1055 967 ventrem
1090 934 1277 980 premes
1318 925 1366 966 et
1403 920 1553 968 dices:
1597 921 1732 968 adam

135 990 302 1037 bedam
346 990 464 1038 alam
499 990 638 1038 betur
675 991 793 1037 alam
829 990 1004 1037 botum.
1063 989 1163 1036 Hoc
1201 1004 1308 1036 cum
1346 991 1506 1036 novies
1543 990 1732 1053 dixeris,

136 1066 311 1106 terram
355 1061 518 1107 eodem
561 1059 729 1121 pollice
774 1066 937 1120 tanges
982 1065 1029 1106 et
1072 1074 1213 1120 spues
1250 1073 1534 1121 rursumque
1571 1062 1732 1107 novies

138 1135 186 1176 et
228 1131 401 1176 iterum
436 1131 629 1176 tertium
666 1131 826 1176 novies
863 1129 992 1176 dices
1033 1137 1079 1176 et
1114 1143 1199 1190 per
1236 1143 1439 1175 novenas
1475 1130 1602 1176 vices
1639 1138 1731 1176 ter-

75 1210 117 1242 15
139 1213 237 1245 ram
268 1201 509 1260 continges
540 1205 588 1245 et
617 1213 809 1259 expueS.
860 1198 958 1244 Hoc
989 1212 1098 1244 vero
1122 1204 1424 1259 praecantum
1449 1205 1496 1245 et
1517 1199 1731 1246 homines
1763 1209 1814 1246 73

139 1268 284 1314 strofo
316 1268 387 1314 vel
417 1283 529 1315 rosu
560 1268 824 1315 laborantes
855 1275 902 1314 et
931 1269 1140 1315 iumenta
1168 1266 1406 1329 relevabit,
1444 1269 1484 1314 si
1517 1267 1732 1315 adhibea-

137 1343 217 1384 tur
261 1339 342 1384 sic.
406 1337 570 1384 Manus
614 1338 774 1399 planas
819 1351 962 1398 super
1004 1351 1142 1383 renes
1186 1351 1333 1397 pones
1378 1343 1425 1383 et
1469 1337 1596 1384 dices
1638 1343 1732 1385 ter:

137 1405 359 1453 alabanda
388 1407 599 1453 alabandi
628 1407 820 1454 alambo.
880 1406 997 1453 Cum
1024 1408 1089 1452 ita
1119 1406 1307 1468 dixeris,
1346 1408 1536 1467 supinas
1566 1421 1732 1454 manus

138 1475 226 1522 sub
248 1482 410 1523 ventre
431 1478 539 1524 ‘eius
561 1491 706 1538 pones
733 1483 779 1523 et
801 1478 973 1523 iterum
995 1475 1118 1522 idem
1145 1475 1272 1522 dices
1297 1475 1368 1521 vel
1389 1477 1522 1536 prius
1546 1491 1732 1523 aversas

73 1558 115 1589 20
138 1559 302 1592 manus
339 1545 426 1593 sub
456 1552 618 1593 ventre
653 1548 753 1592 eius
783 1559 930 1608 pones
961 1550 1008 1591 et
1037 1559 1144 1591 cum
1174 1550 1248 1591 ter
1280 1545 1469 1607 dixeris,
1505 1546 1562 1592 ad
1593 1560 1731 1593 renes

138 1614 298 1676 planas
335 1629 500 1662 manus
536 1630 682 1676 pones
727 1622 774 1662 et
809 1620 883 1661 ter
919 1620 1217 1675 praecantato
1261 1614 1363 1661 loco
1407 1629 1599 1662 rursum
1643 1615 1731 1663 sub

140 1690 301 1730 ventre
338 1699 503 1731 manus
540 1685 749 1746 perferes
787 1690 834 1731 et
869 1684 993 1730 idem
1030 1685 1169 1730 tertio
1208 1684 1349 1730 dices.

276 1753 394 1800 Item
430 1754 486 1800 ad
520 1769 656 1800 rosus
690 1760 784 1800 tam
814 1753 1054 1800 hominum
1085 1767 1224 1814 quam
1252 1755 1569 1800 iumentorum
1599 1768 1731 1815 prae·
1762 1764 1816 1803 74

141 1825 341 1869 cantatio
371 1825 451 1869 sic.
499 1823 671 1870 Pollice
702 1825 892 1870 sinistro
924 1830 971 1870 et
1000 1822 1182 1869 duobus
1213 1820 1418 1869 minimis
1442 1822 1600 1883 digitis
1623 1838 1731 1870 ven-

77 1899 118 1930 25
141 1898 262 1938 trem
300 1892 563 1939 confricans
601 1893 747 1940 dices:
787 1891 948 1939 Stabat
984 1891 1124 1938 arbor
1159 1895 1208 1938 in
1244 1892 1398 1938 medio
1428 1906 1557 1938 mare
1592 1899 1639 1939 et
1667 1892 1733 1939 ibi

139 1961 372 2022 pendebat
416 1962 552 2008 situla
589 1961 724 2022 plena
760 1963 1091 2009 intestinorum
1126 1961 1457 2023 humanorum,
1502 1969 1599 2008 tres
1642 1964 1732 2008 vir·

140 2032 271 2090 gines
315 2031 643 2094 circumibant,
687 2032 805 2078 duae
842 2030 1108 2094 alligabant,
1153 2045 1244 2077 una
1286 2030 1564 2078 revolvebat.
1632 2031 1732 2078 Hoc

139 2106 214 2146 ter
257 2099 385 2146 dices
430 2107 477 2147 et
520 2107 593 2147 ter
644 2102 746 2161 pari
796 2101 934 2146 modo
985 2107 1111 2147 terra
1163 2106 1374 2147 contacta
1419 2115 1608 2162 expues.
1683 2100 1732 2146 Si

140 2170 346 2215 iumenta
384 2170 677 2232 carminabis,
713 2172 1042 2217 intestinorum
1079 2169 1364 2216 mulinorum
1400 2169 1474 2215 vel
1503 2183 1731 2231 equorum

78 2244 120 2275 30
141 2238 214 2284 vel
251 2241 486 2286 asinorum
525 2240 664 2286 dices.

281 2362 308 2398 4
344 2358 524 2400 vomito.
693 2359 862 2401 scitato.
1033 2357 1274 2400 stomacho.
1447 2361 1470 2398 7
1511 2358 1728 2399 arborem.

143 2417 169 2453 8
199 2413 340 2454 avelle
368 2412 434 2454 ita
464 2426 520 2455 ne
549 2414 724 2467 scripsi:
761 2413 975 2456 avellane.
1104 2418 1128 2454 9
1158 2413 1293 2455 illico,
1422 2417 1476 2454 13
1506 2412 1731 2466 pollicem.

148 2471 198 2508 16
227 2480 329 2509 rosu
359 2470 534 2523 scripsi:
569 2483 681 2511 roso.
828 2474 878 2512 17
911 2469 1032 2512 dicis.
1178 2473 1229 2510 19
1262 2468 1384 2510 dieis.
1526 2472 1580 2510 25
1611 2481 1732 2511 mare

145 2522 253 2575 (sic).
366 2528 420 2565 26
450 2525 604 2567 sidula.
