1930 3008
788 66 1170 118 —279—

180 211 236 244 ex
272 195 430 258 litore,
467 200 683 259 capreae,
719 194 945 257 palumbi,
983 201 1162 259 anateS,
1198 196 1388 257 meruli,
1426 197 1576 261 turdi,
1615 212 1776 261 grueS,

179 264 324 327 mulli,
361 264 604 327 lolligines,
641 263 799 327 polypi
835 266 988 312 assati.

318 334 607 381 Torminosis
653 341 763 382 sunt
800 341 930 381 extra
967 342 1123 382 cutem
1159 335 1424 396 inponenda
1462 335 1597 383 haec:
1650 336 1774 384 Lana
1805 346 1858 385 29

178 404 339 452 sucida
377 419 432 451 ex
470 410 600 451 aceto
637 404 710 450 vel
746 418 936 451 rosaceo
966 404 1038 451 vel
1067 404 1236 451 malino
1267 404 1369 451 oleo
1400 405 1618 468 admixto,
1654 407 1768 453 item

134 474 413 536 5plantago‚
458 475 634 536 apium,
677 473 971 537 milefolium,
1015 474 1235 537 intibum,
1279 474 1550 538 lentiscum3
1595 490 1680 536 per
1718 490 1768 523 se

177 545 287 591 trita
330 543 446 590 haec
490 542 562 590 vel
606 542 807 590 admixto
852 545 958 590 vino
1004 550 1212 606 austero,
1258 558 1349 605 quo
1388 546 1534 605 magis
1573 545 1773 592 adstrin-

177 620 300 675 gant,
337 612 650 675 adponuntur,
686 618 849 673 postea
879 619 1090 660 cerotum
1122 628 1178 660 ex
1209 613 1310 660 oleo
1341 615 1544 675 myrtino
1575 614 1647 661 vel
1677 629 1770 661 ma·

175 681 290 744 lino,
328 682 375 729 id
413 688 484 729 est
520 680 719 728 habente
759 683 983 729 corticem
1019 682 1129 729 mali
1164 683 1351 746 Punici,
1389 684 1653 747 adponitur,
1692 686 1770 732 cui

175 758 222 798 et
258 751 375 811 galla
414 750 600 812 Syriaca
639 757 685 797 et
721 753 873 798 acacia
911 751 1240 799 admiscentur.

112 833 152 864 ιο
314 819 613 867 Torminibus
629 821 794 881 primis
812 821 1102 882 temporibus
1119 822 1495 882 constringendis
1513 824 1615 869 suci
1632 822 1771 870 utiles
1802 835 1857 873 30

174 896 304 952 sunt,
341 897 395 937 ut
430 889 730 952 plantaginis,
774 892 976 952 acaciae,
1014 890 1124 937 mali
1161 893 1342 951 granati
1379 893 1590 953 corticis,
1627 892 1771 953 hypo-

174 959 380 1021 cistidos,
417 958 639 1022 milefolii,
675 959 841 1021 intubi,
879 959 1085 1022 lentisci,
1124 960 1231 1007 rubi
1267 975 1352 1021 per
1389 975 1439 1007 se
1478 967 1660 1007 tantum
1699 961 1771 1008 vel

174 1043 281 1076 cum
324 1030 431 1075 vino
478 1043 534 1075 ex
580 1030 697 1089 piris
743 1028 945 1090 Syriacis
989 1030 1111 1076 facto
1157 1031 1310 1093 mixti3
1365 1030 1570 1077 medium
1614 1036 1770 1077 autem

174 1112 366 1145 cursum
402 1097 683 1145 habentibus
715 1100 999 1161 torminosis,
1038 1099 1162 1160 quod
1192 1106 1379 1160 tempus
1410 1099 1576 1146 Graeci
1605 1115 1770 1147 acmen

111 1179 151 1211 15
173 1174 352 1230 vocant,
390 1167 624 1228 oportebit
654 1167 901 1214 infundere
932 1182 1017 1229 per
1048 1169 1295 1230 clysterem
1327 1183 1481 1215 rosam
1511 1169 1583 1215 vel
1614 1170 1770 1216 oleum

174 1243 404 1298 myrteum
436 1251 542 1284 cum
574 1251 785 1300 cerussa3
823 1237 1017 1284 cedente
1048 1252 1189 1299 porro
1220 1240 1399 1298 impetu
1429 1238 1669 1285 molestiae
1696 1239 1770 1286 vel

174 1306 482 1369 difficultatis,
528 1307 652 1367 quod
697 1312 881 1369 tempus
928 1306 1094 1354 Graeci
1136 1322 1385 1368 paracmen
1430 1315 1617 1371 vocant,
1657 1323 1767 1355 con-

172 1377 301 1423 venit
337 1375 578 1438 lenticula,
615 1377 796 1436 ptisana
833 1390 939 1423 cum
978 1377 1111 1438 adipe
1149 1391 1356 1438 capruno
1395 1384 1548 1440 cocta3
1593 1380 1767 1425 invete-

171 1447 286 1492 ratis
323 1457 432 1492 vero
470 1445 752 1492 torminibus
788 1451 1007 1507 prosunt,
1046 1461 1164 1507 quae
1203 1447 1526 1494 vehementius
1564 1449 1769 1509 spissant

108 1527 150 1558 »ο
174 1521 221 1561 et
257 1530 282 1561 a
318 1521 486 1576 putore
525 1521 664 1576 atque
702 1515 1038 1562 abalienatione
1077 1517 1287 1577 corporis
1318 1516 1568 1579 vindicant,
1609 1523 1662 1564 ut
1700 1532 1766 1574 ea,

172 1598 290 1645 quae
335 1599 391 1631 ex
437 1584 582 1646 calce,
627 1584 788 1631 charta
828 1590 931 1631 usta
971 1591 1018 1631 et
1055 1587 1395 1646 auripigmento
1435 1592 1768 1647 conponuntur

171 1659 219 1700 et
254 1660 451 1715 possunt
487 1653 733 1700 inhaerere
771 1656 980 1715 purgatis
1018 1654 1277 1717 ulceribus,
1315 1670 1407 1716 quo
1445 1662 1656 1717 tempore
1694 1671 1766 1702 re-

171 1723 262 1770 diri
299 1729 483 1784 oportet
520 1723 576 1769 ad
613 1725 771 1784 priora
809 1725 963 1770 omnia
1000 1724 1179 1771 edenda
1216 1731 1545 1786 praeterquam
1583 1725 1639 1771 ad
1670 1726 1767 1772 len·

171 1800 265 1839 tem
303 1799 350 1839 et
387 1795 636 1854 ptisanam3
683 1793 862 1839 ducunt
898 1794 1023 1839 enim
1061 1796 1348 1856 cicatricem,
1394 1794 1475 1841 sed
1513 1796 1765 1856 praecipue

107 1873 148 1904 25
172 1876 362 1908 cerussa
406 1862 608 1908 admixto
653 1863 777 1924 vino;
823 1862 1070 1923 emplastra
1107 1878 1239 1925 vero,
1284 1878 1402 1924 quae
1440 1869 1572 1910 extra
1610 1871 1767 1911 cutem

172 1932 439 1978 cicatricem
477 1930 668 1994 ducunt,
706 1931 856 1978 soluta
894 1932 949 1978 ad
988 1934 1142 1994 ignem
1181 1947 1288 1980 cum
1323 1932 1424 1980 oleo
1455 1935 1658 1995 myrtino
1690 1934 1766 1981 ad·

170 2000 384 2062 ponenda
422 2006 544 2047 sunt.

310 2069 628 2131 Dysintericos
666 2076 850 2117 recreat
885 2070 1042 2132 pulmo
1079 2071 1293 2134 pecudis,
1330 2071 1376 2118 id
1415 2077 1486 2118 est
1528 2074 1644 2135 oviS,
1685 2072 1762 2120 de·
1794 2083 1847 2120 31

171 2144 353 2202 coctus,
397 2154 505 2186 cum
549 2139 632 2185 lini
677 2141 873 2202 semine,
923 2141 986 2186 ita
1031 2146 1083 2187 ut
1128 2147 1174 2187 et
1219 2155 1327 2188 caro
1369 2141 1678 2188 manducetur
1716 2149 1763 2190 et

105 2219 148 2250 ao
171 2223 288 2270 aqua
324 2208 402 2255 illa
438 2214 641 2269 potetur.

310 2278 594 2325 Trochiscus
639 2278 968 2339 Asclepiadeus
1012 2281 1441 2340 praestantissimus
1486 2281 1543 2328 ad
1588 2283 1764 2329 ventris
1795 2292 1848 2330 32

171 2347 347 2395 fluxum
378 2355 424 2395 et
454 2347 771 2410 dysinteriam,
803 2362 941 2409 quam
971 2348 1127 2395 nullus
1159 2349 1276 2395 alius
1303 2356 1397 2396 tam
1421 2350 1553 2397 facile
1578 2353 1766 2414 stringit

173 2431 310 2476 quam
339 2417 430 2480 hic,
460 2418 707 2464 conficitur
738 2419 826 2464 sic:
863 2418 967 2478 Apii
994 2419 1184 2464 seminis
1216 2421 1467 2481 semuncia,
1498 2420 1765 2483 hyoscyami

172 2487 430 2548 semuncia,
475 2488 604 2533 anesi
643 2481 703 2553 91
742 2486 821 2550 VI,
866 2489 961 2548 opii
1006 2482 1068 2554 ᾃα
1106 2487 1189 2551 111,
1232 2488 1549 2550 hypocistidos
1587 2485 1649 2557 ‘1⁰'
1687 2490 1765 2554 III,

313 2595 337 2631 2
368 2590 553 2644 poplipi.
679 2597 730 2635 10
759 2592 1023 2634 torminibus
1053 2594 1228 2647 scripsi.-
1258 2593 1471 2639 torminis.
1590 2601 1640 2638 13
1666 2602 1766 2650 post

173 2644 301 2687 mixti
331 2647 454 2688 add:
484 2647 530 2688 et
550 2659 665 2700 aqua
688 2649 864 2691 incocta
886 2649 1017 2691 mirto
1041 2649 1151 2691 rubo
1174 2649 1422 2693 lentiscum.
1484 2654 1536 2693 15
1562 2650 1761 2706 clystere.

173 2700 283 2743 oleo.
408 2706 458 2742 31
492 2703 788 2757 asclepiariuS.
904 2709 956 2746 32
989 2704 1276 2747 disinteriam.
1392 2710 1447 2748 34
1475 2706 1763 2762 ypocistidoe.
