1930 3008
866 87 1317 178 -348-*

257 255 458 318 lentum,
495 256 584 303 hoc
622 256 758 302 modo
797 256 1061 303 curabitur:
1113 255 1360 319 Butyrum,
1405 257 1601 303 farinam
1638 257 1768 304 fabae
1806 265 1852 305 et

258 325 493 372 modicum
539 326 688 372 mellis
733 326 952 373 miscebis
999 331 1137 386 atque
1182 327 1231 371 in
1275 326 1466 373 modum
1512 326 1852 387 cataplasmatis

259 409 433 456 coques
478 402 525 442 et
568 397 617 441 in
661 395 851 442 linteolo
895 396 1065 442 inlines
1111 402 1158 442 et
1195 397 1262 442 sic
1300 395 1356 442 ad
1394 396 1548 442 locum
1585 396 1852 458 adplicabis‚

257 466 430 511 mirum
467 465 728 512 remedium
768 467 1039 525 experieris

175 544 227 582 72
399 534 590 582 Veretra
627 540 680 582 ut
717 537 927 581 auctiora
963 534 1222 592 videantur,
1263 536 1452 596 panacis
1490 535 1621 581 radix
1658 537 1706 581 in
1742 537 1849 582 vino
1874 547 1894 580 5

259 602 381 650 bono
419 604 575 651 triduo
614 611 880 650 maceratur
917 618 1118 666 cumque
1157 604 1420 651 coeundum
1460 611 1544 662 est,
1582 605 1749 651 femori
1785 606 1854 651 in-

259 672 444 735 ligatur,
473 689 524 720 re
556 680 743 735 peracta
768 676 815 720 in
842 676 944 720 vino
969 675 1174 735 reposita
1197 674 1363 720 iisdem
1386 674 1551 721 usibus
1574 680 1855 722 reservatur.

176 753 228 790 73
401 742 462 790 Ut
499 757 684 805 semper
722 745 787 790 sis
823 750 1014 804 paratus
1051 746 1099 790 in
1137 758 1369 806 venerem,
1411 746 1540 805 porri
1578 759 1736 791 semen
1774 746 1856 791 tri-

260 818 361 859 tum
400 819 447 859 et
484 820 616 860 rutae
656 828 816 860 semen
854 815 1018 860 tritum
1056 815 1217 874 aequis
1247 813 1543 874 portionibus
1573 816 1717 860 misce
1749 829 1855 861 cum

259 881 378 929 lacte
420 897 627 944 capruno
665 884 845 930 recenti
883 890 929 930 et
964 885 1151 930 ieiunus
1190 883 1383 930 adsidue
1420 883 1542 931 hibe.
1879 895 1920 927 ιο

867 1035 990 1083 CAP.
1028 1035 1253 1083 XXXIIII.

260 1122 517 1166 Genuum
555 1123 833 1166 doloribus
871 1126 925 1166 et
955 1134 1176 1166 crurum
1206 1134 1267 1167 ac
1295 1123 1553 1167 tibiarum
1581 1123 1856 1167 ulceribus

260 1195 314 1235 et
343 1193 613 1235 varicibus
643 1195 696 1236 et
726 1193 875 1236 callis
904 1194 1108 1246 pedum
1138 1195 1302 1247 atque
1334 1193 1497 1237 clavis
1528 1195 1583 1236 et
1618 1193 1856 1236 verrucis

260 1263 314 1304 et
356 1262 554 1316 plantis
600 1264 654 1305 et
697 1262 982 1316 pollicibus
1028 1265 1081 1305 et
1117 1263 1243 1305 talis
1281 1265 1335 1306 et
1372 1263 1612 1306 articulis
1650 1265 1704 1306 et
1739 1274 1856 1317 per·
1926 1315 1930 1318 ¹

258 1331 511 1375 nionibus
542 1334 596 1375 et
625 1332 799 1385 ruptis
820 1332 1050 1386 pedibus
1074 1334 1129 1375 et
1153 1333 1543 1386 condylomatis
1564 1344 1857 1376 nervorum

258 1403 422 1455 atque
462 1402 815 1445 articulorum
851 1404 905 1444 et
935 1403 1005 1445 ad
1035 1403 1384 1456 extrahenda,
1423 1414 1562 1457 quae
1593 1413 1723 1446 casu
1753 1403 1857 1446 cal-

260 1473 378 1515 cata
422 1471 623 1514 fuerint
665 1473 753 1515 vel
797 1483 935 1526 quae
981 1472 1190 1526 corpori
1232 1473 1577 1524 inhaeserint,
1621 1473 1856 1516 remedia

329 1541 551 1595 physica
588 1543 641 1584 et
675 1541 1010 1585 rationabilia.
1048 1542 1256 1585 diversa
1293 1543 1359 1585 de
1398 1542 1791 1596 experimentis.

206 1658 227 1695 1
401 1649 616 1695 Genuum
654 1648 805 1694 dolori
841 1663 1033 1695 muscus
1072 1664 1127 1695 ex
1157 1651 1336 1710 piscina
1366 1649 1438 1695 vel
1468 1650 1633 1696 lacuna
1663 1649 1734 1696 vel
1765 1658 1854 1696 sta-

261 1733 351 1780 gno
399 1718 623 1765 collectus
669 1718 849 1765 adiecto
893 1718 1081 1780 paululo
1131 1718 1239 1764 salis
1278 1718 1500 1766 subactus
1540 1726 1586 1765 et
1622 1721 1855 1780 inpositus

204 1797 228 1834 2
260 1787 464 1850 prodest.
525 1787 735 1834 Hederae
773 1790 933 1848 nigrae
971 1787 1190 1835 bacarum
1229 1788 1428 1851 hemina,
1466 1790 1581 1835 ficus
1611 1789 1853 1836 Africanae

260 1857 308 1905 P.
339 1858 380 1921 I,
426 1859 652 1918 axungiae
695 1883 753 1890 —
787 1857 841 1904 X.
909 1857 1111 1904 Contusa
1155 1858 1270 1905 haec
1316 1865 1362 1905 et
1407 1873 1514 1906 cum
1551 1860 1658 1904 vino
1696 1865 1853 1906 vetere

261 1927 454 1975 subacta
492 1927 690 1988 genibus
727 1927 858 1974 inlita
895 1934 1113 1988 potenter
1151 1927 1334 1974 dolores
1373 1943 1534 1975 eorum
1572 1928 1771 1975 abolent.
1877 1938 1919 1969 15

204 2006 228 2043 3
402 1997 562 2044 Genua
601 1999 641 2043 si
677 1997 927 2044 tumebunt
958 1997 1029 2043 vel
1066 1997 1296 2044 instabilia
1334 2006 1485 2060 erunt,
1523 1998 1747 2044 afronitra
1778 2013 1854 2045 co-

258 2068 389 2128 piosa
426 2069 474 2113 in
511 2081 648 2127 passo
687 2066 870 2114 Cretico
909 2068 1176 2127 confringes
1214 2075 1261 2114 et
1293 2068 1549 2114 madefacta
1581 2070 1854 2114 conminues

258 2137 427 2198 hisque
474 2136 616 2183 addes
661 2136 811 2183 lanam
850 2137 1058 2183 sucidam
1097 2143 1143 2183 et
1180 2137 1377 2197 genibus
1413 2139 1663 2199 inpositam
1701 2152 1853 2198 panno

259 2213 479 2267 conteges
518 2212 564 2252 et
602 2206 810 2267 alligabis
849 2213 895 2253 et
932 2222 990 2253 ne
1030 2221 1171 2253 sucus
1203 2213 1399 2270 emanet,
1436 2207 1697 2268 pelliculam
1730 2207 1851 2253 lana-

258 2282 352 2323 tam
391 2290 695 2337 superpones.
1877 2286 1921 2316 20

202 2355 229 2391 4
399 2345 645 2392 Ulceribus
690 2360 881 2392 crurum
928 2352 974 2392 et
1021 2345 1242 2392 tibiarum
1295 2346 1509 2392 medetur
1560 2345 1702 2407 adeps
1755 2348 1855 2392 ursi

260 2430 366 2462 cum
404 2415 548 2461 herba
586 2415 820 2462 rubricata
859 2422 1019 2477 tunsa3
1058 2430 1165 2462 cum
1203 2416 1316 2462 haec
1354 2429 1463 2476 ergo
1496 2417 1543 2461 in
1574 2430 1719 2462 unum
1751 2431 1851 2462 cor·

260 2499 348 2546 pus
387 2485 579 2532 subacta
617 2487 835 2547 coierint,
880 2487 1080 2546 inposita
1119 2485 1244 2531 velut
1282 2485 1583 2546 emplastrum
1621 2485 1852 2546 conligan-

204 2562 228 2599 5
262 2561 362 2617 tur,
406 2561 458 2602 ut
503 2555 583 2609 diu
621 2562 851 2602 maneant.
924 2554 1088 2602 Ulcera
1126 2555 1366 2616 tibiarum,
1413 2569 1530 2615 quae
1568 2556 1853 2602 intrinsecus

399 2717 486 2758 stt..—
516 2729 690 2769 genum.

402 2777 452 2813 13
482 2772 608 2824 figus.
730 2776 780 2813 18
810 2771 913 2813 lana
943 2771 1106 2814 sucida.
1222 2776 1275 2813 24
1305 2771 1590 2814 intrensecus.
