1898 3016
805 95 1209 145 —96—-‘

100 233 153 270 23
186 224 375 283 proprie
414 228 460 269 et
498 224 633 269 unice
665 222 846 270 tollunt.
901 223 1044 270 Pueri
1072 224 1264 269 investis
1296 225 1431 270 urina
1459 239 1626 271 recens
1658 227 1778 271 auri-

187 291 316 338 culae
363 291 539 339 dolenti
584 299 630 339 et
674 293 914 340 ulcerosae
959 292 1179 339 instillata
1224 294 1351 339 omni
1396 308 1559 341 umore
1604 296 1776 342 siccato

100 372 155 409 24
187 368 232 407 et
270 361 477 408 dolorem
516 362 637 409 tollit
673 369 720 409 et
749 362 908 409 ulcera
938 365 1055 409 mira
1086 362 1325 409 celeritate
1354 370 1585 424 persanat.
1643 364 1776 411 Lotio

185 431 388 478 humano
419 438 578 479 vetere
603 434 643 478 si
666 434 770 493 quis
796 435 887 478 iam
918 433 1215 493 desperatum
1247 434 1430 480 aurium
1462 435 1622 480 vitium
1654 434 1778 481 elue-

100 511 154 548 25
186 502 268 563 rit,
321 501 458 548 saluti
506 504 714 563 integrae
762 502 904 548 lenito
951 501 1110 549 dolore
1154 504 1384 550 restituet.
1457 502 1539 549 Fel
1587 503 1776 551 ovillum
1800 517 1819 548 5

184 570 335 617 mulso
374 572 571 618 mixtum
610 573 651 618 si
687 571 906 633 clysterio
945 571 1179 618 addideris
1217 578 1264 618 et
1299 573 1408 619 inde
1446 573 1679 620 auriculas
1710 575 1776 620 in-

183 642 421 704 rigaveris,
460 643 730 703 expurgatis
770 641 1008 688 ulceribus
1049 643 1356 689 certissimam
1395 644 1639 689 sanitatem
1670 658 1778 690 con-

186 713 420 774 sequeris3
472 711 596 757 idem
642 711 704 757 fel
749 726 856 758 cum
899 711 1019 758 lacte
1063 711 1273 758 mulieris
1317 712 1593 759 instillatum
1639 714 1779 760 etiam

102 790 155 828 26
186 786 350 841 ruptas
386 782 587 828 interius
625 781 857 828 auriculas
896 783 1157 828 certissime
1195 788 1339 829 sanat.
1399 781 1643 829 Coriandri
1671 785 1778 830 viri-

184 850 255 896 dis
301 865 442 898 sucus
491 866 597 898 cum
649 850 767 898 lacte
819 851 1038 898 muliebri
1081 853 1255 898 mixtus
1305 853 1490 899 infusus
1541 853 1778 901 auriculae
1802 866 1842 896 ιο

99 930 151 968 27
185 919 393 966 dolorem
432 935 617 967 omnem
655 927 872 982 potenter
909 923 1075 968 aufert.
1146 921 1350 968 Cannabi
1387 924 1579 969 seminis
1616 923 1778 969 viridis

101 1000 154 1038 28
187 1004 329 1037 sucus
360 996 524 1052 tepens
555 990 805 1038 instillatus
837 991 1030 1038 auribus
1054 990 1263 1037 dolorem
1286 993 1437 1052 prime
1460 992 1593 1039 tollit.
1637 992 1777 1039 Sene-

184 1062 331 1106 cionis
375 1061 548 1107 herbae
594 1075 736 1108 sucus
777 1061 939 1107 itidem
977 1061 1169 1108 auribus
1206 1063 1413 1108 insertus
1451 1062 1644 1108 eandem
1682 1063 1778 1108 effi-

184 1132 361 1176 caciam
403 1136 630 1194 praestat,
676 1131 799 1191 quod
844 1131 900 1177 ab
946 1137 1139 1192 experto
1186 1133 1414 1192 scriptum
1452 1138 1498 1178 et
1540 1131 1778 1193 proditum

100 1209 152 1247 29
186 1205 270 1246 est.
331 1199 381 1245 Si
417 1200 626 1246 auricula
664 1200 819 1261 aliquo
850 1206 985 1262 pacto
1016 1202 1175 1247 vitiata
1205 1201 1360 1264 fuerit,
1398 1203 1615 1248 anserina
1644 1202 1778 1263 adipe
1803 1214 1842 1246 15

99 1280 153 1317 30
184 1269 340 1316 infusa
378 1269 626 1330 diligenter
664 1270 1002 1331 expurgabitur
1040 1272 1319 1331 sanitatique
1356 1271 1591 1318 reddetur.
1663 1271 1778 1318 Con-

182 1341 352 1400 positio
390 1339 712 1386 medicaminis
749 1340 806 1386 ad
838 1341 991 1386 omnia
1022 1340 1120 1386 fere
1151 1342 1335 1387 aurium
1365 1342 1474 1387 vitia
1505 1343 1593 1388 sic:
1629 1341 1779 1388 Mellis

182 1411 460 1473 sextarium,
498 1412 618 1456 aceti
654 1409 774 1456 bene
812 1411 933 1456 acris
971 1409 1227 1472 heminam,
1274 1411 1457 1457 radices
1495 1426 1613 1472 quae
1652 1426 1777 1457 man-

183 1480 415 1526 ducantur
461 1486 559 1526 tres
607 1482 765 1526 mittes
809 1481 858 1526 in
903 1479 1039 1525 ollam
1094 1480 1259 1526 rudem
1309 1480 1430 1527 bene
1482 1480 1642 1544 lotam,
1696 1480 1778 1527 sed

181 1550 427 1596 mundatas
472 1555 519 1596 et
562 1551 768 1610 integras
813 1549 994 1596 radices
1032 1552 1189 1596 mittes
1227 1556 1274 1596 et
1309 1552 1486 1611 pariter
1523 1550 1778 1613 decoques3
1801 1564 1842 1594 20

183 1619 264 1666 sed
303 1627 355 1666 ut
391 1634 486 1665 non
522 1619 829 1678 refrigeretur
866 1619 1170 1680 medicamen,
1212 1621 1352 1666 citato
1390 1622 1498 1680 igne
1535 1635 1684 1681 usque
1722 1621 1779 1667 ad

180 1689 372 1736 modum
409 1689 496 1736 luti
532 1691 789 1750 aquatioris
829 1689 1138 1752 decoquatur,
1183 1689 1350 1736 deinde
1389 1704 1495 1737 011111
1533 1690 1777 1751 refrigera-

181 1766 283 1806 tum
327 1759 484 1821 fuerit,
531 1759 703 1806 condes
741 1758 856 1805 illud
893 1761 942 1805 in
980 1759 1165 1806 vasculo
1203 1761 1350 1806 vitreo
1390 1774 1442 1806 ac
1481 1760 1778 1823 tepefactum,

183 1829 405 1890 quamdiu
450 1828 660 1875 dolorem
705 1835 751 1875 et
788 1830 1010 1875 tinnitum
1047 1829 1119 1875 vel
1157 1831 1363 1876 sonitum
1399 1830 1634 1877 auriculae
1671 1845 1776 1891 per-

99 1909 150 1945 31
181 1899 344 1957 leniat,
386 1901 435 1945 in
472 1913 634 1946 aurem
672 1899 727 1945 de
766 1898 958 1960 specillo
996 1899 1227 1946 infundes.
1299 1899 1547 1946 Infirmatis
1585 1899 1778 1947 auribus
1801 1911 1841 1943 25

181 1969 375 2030 prodest
405 1970 656 2030 praecipue
687 1970 805 2029 picis
835 1969 936 2031 ssOS,
962 1983 1102 2030 quem
1124 1968 1386 2030 pisselaeon
1410 1969 1575 2033 Graeci
1597 1977 1776 2032 vocant,

183 2053 291 2085 cum
336 2038 436 2085 oleo
483 2040 722 2085 communi
768 2040 960 2100 mixtuS‚
1011 2041 1076 2085 ita
1131 2045 1183 2085 111
1226 2041 1363 2086 tertia
1414 2054 1522 2100 pars
1567 2041 1628 2086 sit
1673 2039 1777 2088 olei.

181 2107 296 2154 Nam
335 2116 381 2155 et
419 2108 629 2155 dolorem
660 2109 791 2155 sedat
822 2115 868 2155 et
898 2123 992 2154 non
1023 2110 1227 2169 patietur
1261 2110 1645 2169 suppurationem
1676 2110 1778 2156 fieri

182 2186 229 2225 et
260 2180 300 2224 si
329 2179 449 2226 facta
480 2179 637 2239 fuerit,
673 2178 835 2225 eodem
868 2179 1171 2225 medicamine
1202 2184 1491 2240 persanatur.
1550 2178 1619 2225 Ad
1652 2194 1774 2226 sum-

182 2263 304 2295 mam
342 2263 426 2310 ego
464 2250 566 2310 ipse
605 2249 684 2295 diu
723 2254 916 2295 vexatus
955 2250 1080 2294 auris
1118 2248 1293 2308 taedio,
1338 2263 1445 2295 cum
1482 2248 1642 2295 multis
1680 2250 1774 2296 fru-
1799 2261 1840 2292 30

182 2326 277 2365 stra
323 2333 437 2365 usus
483 2333 637 2364 essem
680 2318 1051 2376 medicamentis,
1104 2317 1159 2364 ab
1211 2318 1299 2364 hoc
1352 2332 1455 2364 sum
1499 2325 1775 2379 persanatus

182 2394 229 2434 et
280 2388 393 2435 alios
440 2387 690 2450 conplures
742 2389 911 2434 sanavi.
984 2387 1169 2433 Florem
1215 2393 1369 2434 autem
1413 2389 1531 2448 picis
1580 2388 1775 2452 appello,

184 2460 264 2518 qui
320 2460 571 2521 excipitur,
623 2459 733 2505 dum
779 2472 832 2504 ea
884 2459 1121 2519 coquitur,
1172 2456 1273 2503 lana
1327 2460 1623 2519 superposita
1674 2460 1774 2505 eius

184 2530 362 2591 vapori,
399 2528 487 2574 hoc
527 2529 665 2574 etiam
704 2541 890 2588 gravem
929 2527 1119 2573 odorem
1158 2527 1214 2573 de
1252 2542 1363 2574 aure
1393 2530 1610 2589 protinus
1641 2528 1773 2576 tollit.

295 2639 318 2675 6
349 2635 492 2675 mulso
524 2647 602 2676 om.
749 2638 797 2674 12
837 2633 996 2687 prime]
1035 2632 1233 2686 apprime
1266 2631 1515 2677 Gornarius.
1660 2634 1773 2676 seni-

183 2689 333 2731 cionis.
424 2693 473 2730 15
505 2690 722 2732 ansarina.
809 2693 861 2730 22
886 2689 987 2744 luti]
1019 2689 1101 2731 liti.
1188 2692 1240 2731 25
1265 2689 1438 2742 spicilli.
1527 2690 1770 2732 infirmitas.

183 2749 234 2786 31
271 2759 366 2786 sum
396 2746 675 2800 persanatus]
710 2758 840 2799 super
871 2747 1062 2787 sanatus.
