1930 3008
752 140 812 148 —
888 110 1132 161 305—

140 242 384 304 repetierit
433 240 522 287 hoc
576 239 769 302 malum,
821 239 969 301 frigus
1015 253 1071 286 ex
1114 238 1416 286 multitudine
1465 238 1558 286 cibi
1605 253 1740 300 prae-

141 311 265 360 cedit
315 312 682 372 gravitatemque
727 309 958 371 quandam
1003 314 1050 356 et
1093 314 1334 369 torporem
1380 309 1482 356 eius
1533 308 1645 372 loci,
1690 308 1738 356 id

141 387 214 428 est
251 380 355 442 coli,
394 381 477 427 sed
516 382 615 427 sine
653 378 748 426 ullo
786 379 944 426 dolore
983 378 1280 426 sentiendum
1317 378 1473 440 infert,
1512 378 1648 439 plane
1686 384 1740 425 ut

141 458 240 498 tum
285 449 577 512 intellegant,
625 455 797 511 quanto
841 448 961 496 malo
999 449 1256 511 caruerint,
1295 449 1377 510 qui
1412 447 1488 494 illa
1526 447 1737 495 molestia

99 535 120 567 5
142 520 414 568 liberantur.
465 519 564 566 Hoc
602 519 941 566 medicamento
970 520 1174 580 primum
1204 517 1481 565 muliercula
1513 518 1738 579 quaedam
1770 529 1797 567 8

143 605 200 638 ex
243 590 398 636 Africa
440 591 632 636 veniens
675 588 848 636 multos
891 588 1065 635 Romae
1109 588 1402 651 remediavit,
1445 594 1609 649 postea
1653 602 1740 634 nos

143 674 228 722 per
265 673 478 720 magnam
515 673 675 706 curam
713 660 1034 720 conpositione
1073 659 1175 705 eius
1212 664 1417 721 accepta,
1454 657 1501 704 id
1534 663 1606 704 est
1634 672 1740 719 pre-

142 731 208 777 tio
246 729 352 776 dato
390 731 434 775 ei
470 728 595 790 quod
633 728 979 775 desideraverat
1011 729 1091 789 qui
1120 727 1400 790 venditabat,
1438 726 1616 788 aliquot
1645 741 1740 774 non

142 798 342 845 humiles
378 812 531 860 neque
567 799 752 859 ignotos
790 799 1074 860 sanavimUS,
1113 811 1314 859 quorum
1350 798 1539 844 nomina
1577 811 1739 858 super-

79 884 121 914 10
142 882 338 915 vacuum
378 873 450 914 est
486 867 678 914 referre.
734 866 926 914 Constat
963 872 1118 914 autem
1155 866 1549 913 medicamentum
1579 881 1636 914 ex
1667 867 1740 913 his

142 937 304 984 rebus:
343 936 478 984 Cervi
516 951 692 984 cornua
730 942 994 1000 sumuntur,
1033 936 1144 983 dum
1174 942 1338 983 tenera
1369 942 1494 999 sunt,
1531 942 1578 982 et
1609 937 1743 997 quasi

141 1011 190 1054 in
234 1007 377 1054 taleas
414 1007 487 1054 vel
526 1013 683 1068 partes
720 1007 887 1054 breves
925 1013 972 1053 et
1008 1012 1175 1053 tenues
1213 1006 1360 1053 divisa
1397 1007 1445 1052 in
1484 1005 1572 1052 olla
1609 1005 1744 1052 fictili

144 1082 489 1138 componuntur
533 1076 849 1138 operculoque
896 1077 1192 1138 superposito
1239 1082 1286 1123 et
1331 1075 1492 1137 argilla
1533 1075 1742 1137 undique

145 1146 429 1194 circumdata
474 1146 662 1193 fornace
701 1152 782 1193 aut
818 1146 956 1193 furno
995 1152 1219 1207 uruntur,
1263 1145 1412 1192 donec
1449 1147 1499 1191 in
1536 1147 1743 1192 cinerem

82 1231 122 1263 15
146 1216 527 1264 candidissimum
570 1216 864 1278 redigantur,
909 1221 1048 1277 atque
1092 1217 1156 1262 ita
1199 1216 1309 1262 trita
1353 1216 1402 1262 in
1445 1229 1555 1261 vaso
1593 1217 1742 1262 vitreo

145 1287 319 1333 mundo
350 1291 657 1347 reponuntur.
704 1285 820 1332 Cum
850 1285 1058 1331 dolorem
1090 1284 1181 1332 coli
1209 1284 1400 1331 habebit
1422 1284 1604 1348 aliquis,
1636 1291 1742 1332 ante

146 1356 268 1403 diem
298 1355 610 1402 abstinebitur
641 1369 779 1417 quam
802 1361 1002 1416 poturus
1026 1362 1098 1401 est
1119 1354 1512 1401 medicamentum
1536 1354 1593 1400 ab
1617 1355 1744 1401 omni

146 1426 250 1472 cibo
289 1432 427 1487 atque
465 1427 527 1472 ita
564 1432 753 1486 postera
790 1425 865 1472 die
903 1425 1112 1485 digestus
1150 1430 1290 1486 atque
1327 1426 1514 1470 ieiunus
1545 1425 1745 1485 accipiet

148 1510 202 1542 ex
236 1495 325 1542 hoc
354 1490 546 1556 pulvere
577 1509 807 1542 cornuum
840 1500 1114 1541 exustorum
1145 1493 1361 1540 cocliaria
1391 1495 1481 1540 tria
1510 1493 1745 1541 cumulata

82 1580 124 1610 20
148 1566 261 1612 satis
299 1564 461 1628 ampla,
500 1564 671 1625 quibus
701 1565 891 1611 misceri
922 1563 1094 1611 debent
1124 1566 1300 1625 piperis
1331 1563 1423 1610 albi
1452 1578 1594 1625 grana
1620 1563 1745 1610 VIIII

145 1636 255 1681 trita
292 1640 338 1681 et
373 1649 557 1696 myrrae
596 1636 830 1697 exiguum,
868 1634 991 1695 quod
1030 1634 1223 1680 odorem
1259 1633 1581 1681 tantummodo
1613 1647 1744 1694 prae-

146 1710 269 1751 stare
312 1706 475 1766 possit.
541 1703 667 1751 Haec
710 1706 760 1751 in
806 1718 951 1750 unum
996 1705 1244 1750 commixta
1288 1705 1338 1750 in
1380 1705 1604 1750 mortario
1643 1703 1744 1750 dili·
1774 1713 1800 1750 9

145 1779 310 1835 genter
347 1776 582 1835 agitantur
619 1789 672 1821 ac
709 1779 942 1836 teruntur,
980 1773 1147 1820 deinde
1186 1773 1340 1820 coclea
1371 1787 1480 1819 vera
1513 1773 1745 1836 Africana,

146 1843 193 1890 id
239 1849 311 1889 est
353 1843 461 1890 inde
507 1843 660 1906 allata,
705 1845 907 1890 sumitur
950 1858 1088 1905 quam
1133 1843 1501 1890 maculosissima
1545 1849 1593 1889 et
1627 1844 1742 1906 viva,

84 1928 125 1959 25
149 1915 189 1959 si
226 1913 328 1958 fieri
364 1919 532 1974 potest,
570 1914 619 1959 in
656 1913 744 1959 alio
782 1915 1005 1959 mortario
1037 1927 1143 1960 cum
1175 1927 1260 1959 sua
1289 1918 1410 1959 testa
1440 1912 1747 1960 contunditur

148 1988 287 2043 atque
331 1983 394 2028 ita
442 1984 628 2045 teritur,
675 1982 822 2030 donec
867 1982 1047 2029 nullum
1091 1983 1342 2043 vestigium
1364 1980 1467 2029 ‘aut
1504 1982 1745 2044 aspritudo

148 2058 367 2113 appareat
404 2052 704 2115 testularum3
750 2058 911 2114 postea
946 2054 1043 2099 vini
1079 2051 1265 2099 Falerni
1302 2066 1396 2099 non
1434 2053 1606 2099 saccati
1643 2066 1745 2114 cya-

147 2121 258 2168 thus
296 2121 497 2168 adicitur
541 2129 588 2168 et
626 2122 770 2168 nihilo
808 2124 963 2169 minus
1000 2136 1167 2169 rursus
1204 2123 1396 2185 teritur,
1436 2123 1584 2183 magis
1623 2123 1748 2168 enim

148 2197 260 2238 tunc
306 2190 598 2252 apparebunt
639 2192 974 2255 aspritudines,
1022 2194 1063 2238 si
1100 2206 1218 2253 quae
1255 2191 1529 2254 residerint3
1576 2191 1747 2252 quibus

85 2274 128 2306 30
150 2261 311 2307 levatis
343 2263 514 2308 iterum
547 2261 814 2308 adiciuntur
845 2262 936 2308 duo
969 2261 1124 2323 cyathi
1155 2261 1362 2308 eiusdem
1393 2263 1489 2307 vini
1518 2267 1658 2322 atque
1685 2262 1750 2307 ita

151 2345 257 2377 cum
294 2333 451 2392 priore
490 2333 828 2393 compositione
866 2331 986 2378 bene
1024 2331 1360 2394 admiscentur,
1400 2337 1562 2392 postea
1599 2337 1749 2377 trans-

152 2400 412 2447 funduntur
458 2415 575 2462 quae
619 2407 729 2448 sunt
766 2404 815 2448 in
853 2402 1075 2447 mortario
1113 2402 1162 2447 in
1199 2401 1392 2448 calicem
1430 2415 1622 2463 novum,
1669 2401 1751 2462 qui

154 2468 271 2514 calix
302 2484 442 2530 super
472 2471 595 2517 aliud
628 2486 707 2518 vas
737 2473 930 2533 ponitur
960 2471 1016 2517 ad
1048 2470 1274 2517 carbones
1306 2475 1353 2517 et
1377 2470 1570 2517 adsidue
1594 2484 1749 2517 move·

154 2544 232 2584 tur
269 2539 484 2586 cocliario
522 2540 696 2604 liquor,
744 2556 802 2588 ne
842 2540 953 2602 quid
992 2540 1202 2587 subsidat
1239 2546 1318 2587 aut
1355 2546 1629 2604 peruratur3
1667 2539 1751 2587 ubi

295 2704 319 2742 9
350 2700 543 2754 ignotus,
647 2707 697 2745 12
729 2703 870 2746 taleas
901 2716 921 2744 e
952 2703 1170 2747 &ribaus
1200 2703 1391 2746 tabulas.
1482 2707 1534 2744 14
1565 2701 1750 2744 circum-

155 2756 272 2798 dato.
391 2760 440 2798 17
469 2758 667 2810 puturus.
784 2763 835 2801 21
869 2759 1100 2813 praestari.
1217 2764 1269 2802 32
1301 2759 1396 2815 qui]
1430 2759 1545 2811 quia.

239 2834 491 2876 MAchnnus,
512 2843 573 2867 nn.
596 2837 838 2869 Hnnmnmcn.
1446 2832 1499 2870 20
