1898 3016
795 97 1171 147 —114—

105 236 157 274 82
191 227 470 286 stringetur:
514 239 622 272 cum
660 225 853 272 solveris
890 232 938 272 et
972 228 1248 285 removeris,
1288 226 1414 274 fluet.
1480 227 1786 291 Caproficum,

193 310 310 356 quae
347 296 397 341 in
433 295 586 356 lapide
623 297 846 358 nascitur,
885 295 1074 356 colliges
1113 297 1208 342 sive
1247 297 1418 343 siccam
1457 311 1541 344 seu
1575 299 1786 361 viridem,

190 365 236 411 id
276 371 348 412 est
384 367 539 426 ipsum
575 380 787 427 pomum,
830 371 876 411 et
911 366 961 411 in
998 364 1118 426 pelle
1156 367 1344 426 caprina
1381 366 1639 414 involutum
1676 367 1785 428 liga-

189 434 261 480 bis
300 435 356 481 de
394 434 516 498 licio,
555 435 679 496 quod
715 437 765 481 in
801 434 892 481 tela
930 435 1085 496 fuerit,
1122 441 1168 481 et
1206 437 1250 482 ei
1278 435 1380 482 loco
1412 436 1630 498 adpones,
1659 438 1784 485 unde

189 505 279 551 erit
317 506 557 565 sanguinis
587 504 744 567 fluxio,
782 506 938 551 statim
969 504 1279 567 cohibebitur,
1317 507 1412 553 sive
1443 508 1542 552 viro
1574 507 1631 553 de
1661 509 1782 554 nari-
1805 521 1826 553 5

190 574 276 620 bus
315 576 411 621 sive
448 573 636 620 mulieri
673 574 730 621 de
766 574 882 621 locis
921 574 1336 622 verecundioribus
1373 576 1499 623 fluat.

867 727 992 775 CAP.
1027 727 1103 774 XI.

184 814 339 856 Vitiis
361 814 630 858 labiorum
654 817 709 858 et
731 815 955 869 gingivis
980 817 1035 857 et
1058 816 1282 859 osoidini
1304 819 1359 859 et
1382 817 1486 860 oris
1507 817 1784 862 ulceribus

186 886 240 926 et
287 884 447 927 fetori
485 887 539 928 et
581 885 795 938 linguae
840 885 1051 938 pusulis
1074 883 1150 928 ‘et
1191 887 1355 940 palati
1399 888 1783 932 exulcerationi

387 955 623 997 remedia
659 954 878 1008 physica
915 956 970 996 et
1003 955 1338 999 rationabilia
1375 956 1585 1000 diversa

735 1026 802 1066 de
838 1025 1230 1078 experimentis

127 1139 148 1175 1
322 1130 441 1177 Vitia
479 1133 574 1177 oris
612 1137 658 1177 et
695 1131 899 1177 faucium
938 1138 984 1177 et
1021 1131 1192 1194 ulcera,
1230 1147 1347 1193 quae
1388 1134 1437 1179 in
1473 1149 1554 1180 ore
1586 1135 1705 1181 fiunt
1734 1142 1781 1182 et

182 1200 400 1246 celeriter
436 1202 723 1262 nigrescunt,
761 1202 885 1247 inter
921 1202 1054 1247 initia
1083 1208 1268 1261 oportet
1297 1202 1441 1249 rebus
1476 1204 1780 1268 simplicibus,

181 1270 227 1316 id
266 1276 338 1316 est
374 1285 493 1331 aqua
532 1269 678 1316 calida
714 1284 800 1330 per
838 1285 887 1316 se
930 1271 1001 1316 vel
1037 1271 1200 1333 mulsa,
1242 1278 1403 1332 postea
1439 1288 1550 1320 vero
1588 1274 1779 1322 decocta

181 1354 300 1400 aqua
339 1355 445 1386 cum
483 1339 703 1386 lenticula
738 1339 810 1386 vel
847 1339 1064 1400 palmulis
1094 1341 1166 1387 vel
1196 1342 1439 1405 capreolis,
1475 1343 1522 1390 id
1554 1350 1625 1390 est
1655 1359 1776 1391 sum·
1803 1357 1844 1387 ιο

182 1409 424 1456 mitatibus
464 1411 641 1472 vitium,
677 1409 751 1456 vel
787 1409 920 1456 malis
958 1410 1177 1471 cydoneis
1208 1418 1287 1458 aut
1315 1413 1525 1473 mespilis
1555 1421 1634 1460 aut
1661 1416 1778 1475 piris

127 1488 152 1522 2
185 1478 426 1540 Syriaticis
464 1485 544 1526 aut
581 1493 714 1525 rosae
751 1479 875 1525 foliis
915 1479 1094 1526 adiecto
1127 1481 1262 1527 melle
1293 1484 1462 1529 curari.
1515 1483 1668 1545 Adeps
1700 1499 1776 1530 an-

183 1551 367 1596 serinus
406 1556 486 1596 aut
522 1549 804 1610 gallinaceus
842 1551 985 1595 rimas
1028 1549 1258 1597 labiorum
1303 1553 1488 1613 egregie
1534 1559 1667 1600 curat
1710 1555 1778 1600 in·

122 1627 146 1663 3
177 1620 375 1679 positus.
422 1618 808 1679 Nigrescentibus
839 1619 1077 1666 ulceribus
1107 1620 1318 1680 proderit
1341 1621 1544 1669 colluere
1570 1637 1621 1668 os
1644 1637 1776 1685 aqua,

179 1689 227 1734 in
274 1703 365 1749 qua
409 1695 596 1735 coctum
641 1690 702 1735 sit
746 1689 995 1735 lentiscum
1039 1689 1110 1736 vel
1162 1690 1309 1736 rubus
1351 1691 1421 1737 vel
1471 1698 1652 1753 myrtus
1702 1693 1776 1739 vel
1799 1707 1839 1738 15

177 1757 293 1804 rhus
326 1758 567 1820 Syriacum
605 1759 678 1805 vel
715 1758 968 1805 oleastrum
1000 1759 1071 1805 vel
1100 1761 1230 1806 iunci
1258 1761 1404 1823 radix,
1442 1776 1580 1822 quam
1611 1762 1776 1809 Graeci

177 1842 382 1889 cyperon
429 1835 616 1890 vocant,
661 1835 741 1875 aut
785 1829 1000 1875 similiter
1044 1829 1223 1876 adiecta
1267 1844 1353 1891 per
1398 1845 1447 1877 se
1492 1838 1539 1878 et
1583 1832 1774 1879 decocta

177 1897 294 1957 galla
327 1897 527 1959 Syriaca.
602 1897 847 1959 Oportebit
885 1904 1041 1945 autem
1078 1913 1342 1960 perungere
1386 1901 1578 1948 adsidue
1617 1901 1774 1948 ulcera

177 1981 290 2013 suco
329 1967 457 2030 rubi,
502 1968 709 2030 lentisci,
755 1968 964 2030 oleastri,
1009 1983 1143 2015 rosae
1180 1969 1343 2016 viridis
1381 1970 1620 2034 foliorum3
1663 1972 1774 2018 facit

172 2035 292 2083 bene
338 2044 384 2084 et
429 2038 495 2084 sal
539 2040 703 2085 tritum
742 2053 849 2085 cum
887 2038 1022 2085 melle
1060 2039 1347 2085 inculcatum
1384 2042 1571 2101 copiose
1609 2041 1665 2087 ad
1702 2043 1770 2087 ni·
1795 2056 1836 2086 20

116 2115 143 2152 4
174 2107 405 2167 gridinem
442 2107 605 2155 talium
635 2108 848 2154 ulcerum
880 2108 1146 2155 eruendam.
1205 2108 1347 2155 Labia
1375 2115 1514 2170 rupta
1543 2110 1615 2156 vel
1646 2111 1771 2157 exul-

173 2185 329 2223 cerata
374 2179 492 2224 mira
537 2178 776 2224 celeritate
825 2177 1031 2240 sanabis,
1076 2180 1117 2224 si
1160 2193 1315 2224 ceram
1352 2180 1400 2225 in
1439 2179 1539 2225 oleo
1578 2194 1769 2227 rosaceo

172 2246 228 2292 ad
267 2249 418 2294 ceroti
454 2248 643 2294 modum
680 2247 978 2308 liquesce-eris
1016 2262 1217 2309 cumque
1254 2248 1533 2295 in-caccabo
1570 2250 1642 2296 vel
1680 2252 1769 2296 aci-

170 2316 326 2363 tabulo
366 2317 700 2379 conferbuerit,
741 2317 973 2364 anchusae
1010 2317 1191 2364 radices
1229 2317 1456 2364 adieceris
1495 2324 1540 2365 et
1577 2320 1768 2381 refrige-

112 2395 137 2432 5
169 2392 269 2433 rato
308 2389 516 2448 unguine
546 2389 594 2434 in
626 2394 811 2434 noctem
841 2386 960 2433 labia
991 2386 1221 2433 inleveris.
1280 2387 1333 2434 In
1372 2389 1447 2434 ovi
1475 2394 1595 2435 testa
1625 2404 1765 2436 mem·
1790 2402 1830 2433 25

112 2465 136 2501 6
169 2455 313 2502 brana
338 2471 456 2518 quae
479 2457 642 2503 haeret
665 2459 817 2517 ruptis
841 2455 975 2502 labiis
998 2462 1126 2503 recte
1150 2457 1413 2517 adponitur.
1458 2457 1569 2518 Alga
1590 2460 1764 2505 marina

169 2526 292 2571 sicca
334 2527 623 2588 candidaque
662 2526 871 2587 adposita
907 2525 1040 2572 labiis
1078 2527 1232 2586 ruptis
1271 2527 1522 2573 efficaciter
1558 2528 1762 2588 prodest.

277 2635 342 2728 l}
374 2631 562 2742 ξξνξῗιῗέ]
609 2689 798 2730 mirium.
973 2692 1023 2729 18
1062 2692 1162 2741 post
1208 2687 1387 2741 Syriaca.
1430 2690 1530 2732 add.
1576 2692 1762 2731 contusa

165 2742 417 2784 Corvnarias.
536 2747 589 2785 20
618 2743 919 2786 inculciatum.
1036 2748 1089 2784 25
1119 2742 1316 2786 inlueris.
