1898 3016
756 95 1091 144 -79-

133 237 348 272 cerussae
388 222 426 268 X
456 222 554 284 IIII,
594 223 729 285 amyli
769 223 806 269 X
836 222 911 285 III,
949 224 1043 284 opii
1074 222 1112 269 X
1143 222 1197 285 II,
1239 225 1418 270 acaciae
1452 223 1489 270 X
1521 223 1552 286 I,
1591 239 1718 286 gum-

132 295 219 340 mis
257 292 472 338 denarios
510 293 651 354 duos,
697 292 985 354 tragacanthi
1030 292 1270 339 denarium
1316 308 1483 355 unum,
1526 308 1719 341 ovorum

133 363 492 409 semicoctorum
531 362 709 409 vitellos
741 363 872 425 duos,
910 362 1038 408 sabae
1075 363 1174 408 sine
1206 364 1395 424 cortice,
1433 363 1478 408 id
1511 370 1582 410 est
1613 378 1719 424 pur-

131 437 281 494 gatae,
319 431 574 494 modicum,
614 446 730 493 quae
770 438 874 479 ante
913 431 1035 478 diem
1072 446 1127 478 ex
1164 446 1281 492 aqua
1319 435 1545 478 macerari
1583 433 1722 480 debet

89 516 108 548 5
131 515 235 547 cum
275 500 573 562 tragacantho
609 508 747 562 atque
779 503 838 547 ita
872 503 974 563 teri,
1013 508 1111 548 tum
1142 502 1332 547 formari
1362 501 1564 564 collyria,
1604 517 1720 563 quae

20 578 65 589 ‘’·
129 569 423 616 lacrimarum
462 571 687 632 impetum
735 578 780 617 et
816 572 1057 631 iugitatem
1105 572 1426 632 potentissime
1465 571 1628 619 sedant
1665 587 1717 619 ac

128 641 403 700 reprimunt.
457 639 707 700 Collyrium
739 639 1084 703 Dionysianum,
1124 640 1247 702 quod
1285 640 1544 702 appellatur
1584 642 1801 688 theo-122

129 709 307 772 dotion,
352 709 408 756 ad
453 709 689 756 lacrimam
736 716 923 756 tenuem
970 709 1342 771 restringendam
1385 716 1430 756 et
1467 711 1521 757 ad
1563 711 1719 758 ulcera

128 786 173 825 et
211 779 524 839 aspritudines
562 778 887 840 palpebrarum
927 786 973 825 et
1011 779 1067 825 ad
1105 781 1348 826 cicatrices
1378 787 1592 826 recentes
1623 781 1718 827 effi-

67 863 106 894 10
128 850 443 910 cacissimum,
490 849 735 895 conficitur
780 850 870 895 sic:
937 848 1151 895 Cadmiae
1190 848 1229 895 X
1260 849 1342 911 Ill,
1382 851 1502 896 aeris
1543 853 1634 896 usti
1673 857 1718 897 et

127 917 210 965 loti
241 917 278 964 X
304 917 416 979 VIII,
454 920 837 979 crocomagmatis
870 917 907 964 X
933 917 1047 981 VIII,
1079 918 1207 965 stibii
1238 917 1398 980 XIIII,
1437 920 1533 979 opii
1556 918 1594 966 X
1619 919 1717 980 IIII,

127 990 326 1034 castorei
364 987 403 1033 X
434 987 537 1050 1111,
576 989 710 1035 nardi
749 988 927 1050 Syriaci
965 987 1003 1034 X
1035 988 1139 1050 1111,
1178 987 1286 1050 lycii
1324 988 1362 1034 X
1394 988 1497 1050 1111,
1536 991 1716 1035 acaciae

127 1056 166 1103 X
196 1057 308 1120 XVI,
346 1059 474 1104 croci
510 1057 549 1104 X
580 1057 693 1120 VIII,
732 1072 912 1120 myrrae
951 1057 990 1104 X
1021 1057 1135 1120 VIII,
1173 1057 1480 1118 palmularum
1512 1072 1616 1104 ossa
1647 1058 1718 1104 vel

128 1127 318 1174 nucleos
363 1134 493 1174 ustos
545 1142 739 1174 numero
790 1127 891 1189 XII,
945 1129 1146 1188 gummis
1191 1127 1229 1173 X
1269 1127 1345 1191 VI,
1397 1130 1492 1174 vini
1545 1130 1719 1174 austeri

67 1211 105 1242 15
130 1198 297 1243 veteris
336 1196 454 1244 bene
492 1197 672 1243 odorati
710 1199 963 1243 sextarium
1001 1212 1160 1243 unum.
1224 1197 1463 1244 Teruntur
1499 1198 1613 1244 haec
1652 1197 1717 1244 di-

126 1266 324 1326 ligenter
369 1274 414 1312 et
459 1267 703 1313 confestim
751 1282 804 1313 ex
851 1267 924 1312 his
969 1266 1154 1328 collyria
1202 1267 1442 1327 finguntur
1487 1274 1624 1328 atque
1670 1268 1718 1313 in

127 1335 290 1382 umbra
330 1338 577 1383 siccantur.
630 1335 880 1397 Collyrium
919 1338 1232 1383 stratioticum
1269 1336 1378 1383 facit
1416 1337 1470 1383 ad
1504 1343 1711 1384 tumores
1726 1344 1801 1382 123

127 1405 369 1452 oculorum
422 1411 468 1452 et
518 1405 753 1452 lacrimam
806 1420 959 1452 acrem
1019 1407 1403 1467 compescendam
1464 1413 1602 1468 atque
1662 1406 1718 1453 ad

126 1474 370 1536 palpebras
416 1489 604 1536 asperas
650 1482 695 1522 et
739 1475 795 1522 ad
833 1475 1054 1536 caligines
1092 1481 1138 1522 et
1176 1477 1419 1522 cicatrices
1458 1491 1513 1522 ex
1550 1477 1718 1522 itinere

64 1557 104 1588 πο
127 1550 172 1590 et
203 1544 393 1606 pulvere
425 1551 471 1590 et
502 1545 627 1591 fumo
659 1545 895 1591 collectas:
926 1544 1140 1591 Cadmiae
1173 1545 1390 1592 denarios
1414 1552 1532 1609 octo,
1561 1559 1717 1592 cerus-

127 1627 203 1660 sae
235 1613 273 1660 X
297 1613 411 1671 VIII,
442 1614 664 1661 crocodili
695 1620 954 1661 stercorum
990 1614 1147 1677 XIIII,
1178 1617 1413 1676 aeruginis
1444 1629 1574 1662 rasae
1601 1614 1718 1677 XII,

127 1686 326 1730 castorei
372 1684 410 1730 X
449 1683 499 1747 S,
552 1684 781 1745 omphacii
833 1684 969 1747 aridi,
1021 1684 1237 1731 aluminis
1283 1686 1380 1731 fissi
1433 1691 1572 1747 atque
1625 1687 1718 1732 usti

127 1752 368 1799 denarium
413 1768 579 1817 unum,
624 1755 800 1815 piperis
844 1754 935 1800 albi
980 1753 1019 1800 X
1059 1753 1113 1817 V,
1159 1756 1254 1815 opii
1299 1754 1387 1801 XI
1421 1754 1471 1816 S,
1517 1757 1716 1815 gummis

128 1821 167 1868 X
198 1822 267 1869 VI.
324 1823 561 1869 Teruntur
597 1822 710 1869 haec
750 1823 995 1883 diligenter
1034 1831 1080 1869 et
1118 1838 1172 1870 ex
1213 1826 1317 1870 vino
1355 1823 1550 1870 Falerno
1591 1823 1716 1871 colli-

65 1902 104 1934 25
128 1898 302 1952 guntur
346 1899 483 1954 atque
528 1892 634 1938 inde
681 1892 869 1954 collyria
913 1893 1184 1939 formantur.
1260 1893 1532 1956 Collyrium,
1585 1893 1802 1955 quod124

128 1961 384 2022 appellatur
431 1961 663 2024 sphragis,
710 1961 765 2008 ab
810 1962 1040 2022 Antigono
1086 1962 1265 2008 medico
1308 1964 1569 2025 inventum,
1608 1963 1718 2010 facit

127 2030 180 2076 ad
221 2045 355 2077 omne
395 2031 528 2078 ulcus
567 2038 613 2077 et
651 2031 704 2077 ad
744 2046 927 2078 omnem
967 2034 1197 2078 ustionem
1237 2038 1282 2078 et
1319 2032 1499 2093 plagam
1531 2039 1578 2079 et
1607 2047 1715 2093 rup-

128 2101 300 2146 tionem
356 2101 668 2147 tunicularum
721 2101 842 2148 oculi
895 2109 939 2148 et
992 2102 1047 2148 ad
1104 2103 1256 2148 omnia
1313 2103 1555 2149 oculorum
1609 2104 1717 2148 vitia

126 2176 312 2230 praeter
364 2171 632 2232 epiphoram
686 2172 1016 2232 incipientem,
1067 2172 1235 2232 accipit
1286 2171 1429 2219 haec:
1503 2171 1716 2218 Cadmiae

64 2250 104 2282 30
127 2238 165 2284 X
196 2239 293 2302 1111,
331 2240 651 2301 pompholygis
682 2240 721 2286 X
755 2240 805 2301 X,
844 2242 938 2301 opii
970 2240 1008 2286 X
1036 2239 1131 2302 IIII,
1169 2238 1307 2302 amyli
1338 2240 1377 2287 X
1400 2240 1497 2303 IIII,
1535 2242 1715 2288 acaciae

0 2315 2 2323 '
127 2307 166 2354 X
197 2308 293 2372 IIII,
331 2310 619 2371 tragacanthi
656 2309 695 2356 X
727 2309 831 2373 IIII,
869 2311 1068 2371 gummis
1108 2308 1147 2355 X
1177 2309 1230 2371 11,
1267 2316 1488 2357 teruntur
1525 2310 1715 2372 diligen-

127 2384 197 2424 ter
234 2378 319 2425 hae
359 2381 539 2440 species
578 2387 623 2426 et
667 2394 722 2426 ex
769 2394 884 2440 aqua
920 2380 1165 2441 pluviatica
1206 2379 1393 2441 collyria
1432 2394 1715 2442 componun·

128 2455 215 2494 tur.
284 2448 534 2511 Collyrium
566 2451 875 2496 stratioticum
907 2451 1143 2511 psoricum
1178 2451 1487 2510 compositum
1519 2464 1575 2496 ex
1605 2449 1798 2496 cad-125

128 2519 243 2563 miae
281 2517 320 2564 X
353 2518 456 2565 XIII
490 2518 540 2581 S,
579 2521 705 2565 croci
745 2519 782 2565 X
814 2518 917 2581 XII,
956 2520 1130 2580 piperis
1169 2517 1260 2564 albi
1300 2518 1336 2564 X
1368 2518 1459 2581 XV,
1498 2534 1714 2566 cerussae

2 2608 3 2611 =
65 2597 105 2630 35
127 2585 166 2632 X
196 2587 250 2649 II,
289 2589 382 2648 opii
420 2588 459 2634 X
490 2587 544 2651 II,
582 2590 781 2649 gummis
813 2587 851 2634 X
883 2588 979 2646 1111,
1018 2587 1277 2635 chalcitidis
1307 2587 1346 2634 X
1378 2588 1410 2635 I.
1470 2588 1713 2650 Componi-

127 2662 203 2702 tur
242 2663 394 2704 autem
433 2659 669 2718 psoricum
709 2660 787 2704 sic.
857 2658 1094 2704 Teruntur
1131 2658 1245 2703 haec
1284 2672 1496 2705 seorsum
1534 2659 1714 2719 singula

57 2757 60 2760 -
126 2724 242 2772 hene
283 2728 466 2790 siccata,
504 2727 670 2774 deinde
702 2729 749 2774 in
783 2742 926 2774 unum
957 2727 1148 2774 collecta
1178 2733 1308 2774 aceto
1339 2735 1715 2789 consperguntur
