1898 3016
783 106 1123 154 -99-

162 247 307 295 panax
353 246 458 278 cum
505 247 607 278 rosa
654 239 700 278 et
744 232 1031 294 amygdalino
1075 234 1182 279 vino
1229 234 1335 279 trita
1380 242 1507 281 recte
1546 234 1755 282 laboran-

161 302 285 349 tibus
337 301 529 348 auribus
578 302 841 349 instillatur.
922 302 1073 349 Alium
1126 303 1382 349 rotundum
1434 306 1596 351 tritum
1646 319 1753 352 cum

160 380 290 418 aceto
335 379 572 432 repostum
619 374 664 417 in
712 372 875 433 pyxide
923 372 1135 433 plumbea
1184 378 1230 418 et
1274 387 1380 418 cum
1426 388 1544 434 opus
1599 374 1754 437 suerit,

162 456 267 488 cum
305 447 435 487 aceto
473 448 518 486 et
556 455 659 486 rosa
698 442 904 488 infusum
943 442 1135 488 auribus
1172 442 1375 502 prodest.
1443 442 1755 507 Opobalsami,

118 524 139 556 5
162 525 314 572 rosae,
358 512 486 557 croci
524 513 840 571 unguentarii,
882 513 997 574 opii,
1036 511 1326 572 singulorum
1364 527 1510 573 aequa
1548 514 1753 574 pondera

161 584 267 627 trita
306 580 528 641 tepefacta
569 580 718 626 infusa
757 581 950 627 auribus
988 583 1197 642 prosunt.
1270 581 1471 628 Virentis
1509 585 1752 644 papaveris

159 664 300 697 sucus
352 665 455 696 cum
503 664 604 696 rosa
653 650 722 696 vel
766 650 1053 712 amygdalino
1099 654 1204 698 vino
1257 651 1329 698 vel
1379 655 1508 712 porri
1561 654 1752 700 seminis

159 734 300 766 sucus
337 734 442 766 cum
480 719 596 766 lacte
635 720 852 766 muliebri
891 720 960 766 vel
1000 727 1232 767 veratrum
1263 721 1416 768 album
1450 725 1614 768 tritum
1645 737 1752 769 cum

158 789 444 850 amygdalino
489 789 589 835 oleo
631 796 710 836 aut
746 804 937 836 rosaceo
983 789 1052 836 vel
1100 805 1241 837 sucus
1285 804 1536 851 granorum
1587 792 1753 838 Punici

97 871 136 902 10
159 858 266 905 mali
316 874 421 905 cum
475 873 578 905 rosa
628 867 707 905 aut
751 859 852 905 oleo
906 859 1194 921 amygdalino
1246 861 1432 907 infusus
1485 861 1752 907 dolentibus

158 929 350 975 auribus
380 930 583 989 prodest.
656 929 793 975 Croci
820 955 878 961 —
906 929 999 992 Vll,
1036 932 1171 976 nucis
1201 944 1382 976 amarae
1410 930 1446 975 X
1470 930 1563 992 VII,
1602 930 1752 977 mellis

161 998 267 1044 boni
312 999 500 1059 cyathos
538 998 620 1060 111,
674 1001 793 1045 aceti
844 998 956 1045 boni
1007 1000 1130 1060 quod
1177 1001 1289 1045 satis
1334 1002 1424 1046 erit
1468 1002 1648 1062 mittes,
1702 1006 1754 1047 ut

158 1068 508 1128 spissitudinem
546 1068 711 1115 habeat
741 1069 1128 1116 medicamentum
1162 1069 1311 1116 mellis
1341 1069 1506 1130 liquidi
1537 1079 1581 1117 et
1613 1069 1752 1117 simul

158 1140 438 1197 permixtum
483 1145 622 1199 atque
667 1145 911 1184 excoctum
956 1138 1222 1185 dolentibus
1259 1139 1452 1186 auribus
1489 1139 1751 1186 instillabis.

95 1218 135 1249 15
158 1206 356 1268 Murrae,
391 1209 530 1268 croci,
562 1210 669 1270 opii,
700 1208 834 1253 nardi
864 1210 1032 1271 spicae,
1064 1210 1180 1254 turis
1212 1210 1414 1271 corticis,
1448 1209 1551 1254 mali
1583 1209 1751 1256 Punici

158 1278 296 1338 aridi,
344 1276 474 1323 fabae
512 1278 815 1339 Aegyptiacae
853 1277 1061 1338 pulpam,
1110 1293 1281 1324 nucum
1324 1293 1584 1324 amararum
1633 1281 1751 1325 inte-

158 1349 294 1406 riora,
332 1346 481 1392 mellis
518 1346 641 1407 boni,
679 1347 967 1407 singulorum
1009 1347 1046 1394 X
1084 1355 1350 1409 quaternOS,
1388 1350 1589 1394 castorei
1623 1348 1663 1395 X
1694 1348 1750 1411 11,

157 1415 372 1462 aluminis
409 1417 506 1462 fissi
545 1416 582 1462 X
613 1417 666 1478 11,
704 1418 879 1477 piperis
917 1417 1042 1477 longi
1081 1417 1119 1462 X
1149 1417 1192 1479 13
1230 1419 1355 1464 tritis
1393 1417 1641 1478 diligenter
1677 1418 1750 1464 his

158 1485 374 1532 omnibus
411 1495 457 1532 et
494 1501 601 1532 cum
636 1492 767 1532 aceto
798 1489 1026 1532 acerrImo
1057 1489 1213 1533 mixtis
1244 1495 1382 1548 atque
1414 1491 1617 1534 excoctis
1648 1489 1752 1534 fieri

93 1567 134 1597 2⁰
157 1561 341 1615 oportet
371 1555 759 1602 medicamentum
790 1563 883 1602 tam
917 1563 1238 1619 temperatum,
1263 1564 1314 1603 ut
1337 1557 1486 1602 simile
1516 1559 1576 1604 sit
1598 1572 1751 1618 passm

155 1623 253 1670 Hoc
291 1624 571 1686 tepefactum
609 1625 876 1687 instillatur,
914 1627 1051 1672 etiam
1091 1626 1369 1673 exulceratis
1407 1626 1600 1673 auribus
1635 1628 1752 1673 mire

155 1694 359 1754 prodest.
411 1695 478 1740 Ad
509 1697 787 1755 incipientes
815 1695 999 1741 dolores
1024 1698 1205 1742 aurium
1230 1705 1276 1742 et
1300 1695 1589 1742 exulceratas
1613 1711 1753 1742 aures

155 1763 242 1809 hoc
280 1764 567 1810 medicamen
605 1765 767 1811 facies:
806 1765 945 1811 Turis
983 1791 1048 1798 -—
1088 1764 1192 1826 llll,
1238 1766 1387 1812 mellis
1429 1792 1489 1800 —-
1530 1765 1613 1827 111,
1659 1768 1752 1812 vini

156 1835 331 1879 austeri
368 1833 558 1894 cyathos
589 1834 643 1896 11,
681 1837 800 1880 aceti
837 1836 1054 1880 acerrimi
1089 1835 1306 1895 cyathum
1336 1835 1369 1897 1,
1407 1835 1540 1881 nardi
1572 1835 1752 1897 Syriaci

92 1913 132 1944 25
157 1902 195 1948 X
226 1902 281 1964 ll,
323 1917 502 1963 myrrae
538 1902 576 1949 X
606 1904 625 1950 1
658 1903 703 1966 S,
741 1906 867 1950 croci
903 1903 923 1949 1
961 1904 1006 1966 S,
1045 1918 1189 1950 nuces
1228 1919 1406 1951 amaras
1445 1920 1641 1951 numero
1677 1905 1753 1967 111,

155 1972 432 2018 afronitrum
466 1974 694 2019 victoriati
717 1974 914 2035 pondus,
944 1975 1120 2034 piperis
1147 1974 1269 2035 longi
1293 1974 1332 2020 X
1357 1974 1391 2034 1,
1421 1974 1551 2021 fabae
1575 1975 1750 2036 Aegyp-

156 2044 300 2087 tiacae
346 2056 487 2102 grana
534 2051 725 2104 purgata
770 2042 865 2088 llll.
939 2042 1062 2088 Haec
1110 2046 1261 2089 omnia
1307 2046 1512 2104 primum
1557 2059 1641 2105 per
1687 2058 1750 2106 se,

155 2111 321 2156 deinde
374 2113 422 2156 in
475 2126 618 2158 unum
668 2115 807 2158 mixta
862 2119 1081 2158 teruntur
1134 2119 1179 2159 et
1231 2114 1432 2174 tepidata
1487 2113 1752 2160 dolentibus

154 2180 347 2226 auribus
384 2181 682 2228 instillantur.
743 2182 951 2228 Castorei
988 2181 1147 2228 obolos
1179 2182 1233 2244 ll,
1269 2183 1317 2229 id
1348 2190 1419 2229 est
1451 2183 1563 2229 duas
1594 2190 1752 2243 partes

91 2260 132 2291 80
156 2251 404 2312 victoriati,
456 2251 626 2297 radicis
671 2252 893 2314 lanarIae,
946 2251 1053 2297 salis
1098 2254 1391 2314 ammoniaci,
1443 2254 1616 2298 veratri
1660 2252 1752 2313 albi

154 2319 276 2365 idem
311 2320 545 2383 ponderis,
584 2321 754 2382 quibus
785 2321 1105 2382 superadicies
1137 2325 1263 2368 croci
1293 2323 1525 2368 victoriati
1554 2322 1752 2385 pondus,

155 2388 244 2435 olei
288 2391 396 2435 irini
442 2399 486 2436 et
531 2391 680 2438 mellis
725 2405 884 2452 parem
930 2405 1218 2454 mensuram,
1263 2392 1310 2437 id
1350 2398 1422 2438 est
1459 2391 1751 2452 singulorum

154 2457 194 2503 Χ
239 2457 352 2505 XVI.
431 2459 494 2505 Ea
548 2475 758 2507 seorsum
814 2462 943 2521 prius
998 2460 1178 2521 singula
1230 2463 1338 2507 trita
1392 2462 1651 2507 miscentur
1701 2462 1750 2507 in

158 2542 321 2590 unum3
366 2529 540 2576 faciunt
584 2530 702 2576 bene
748 2530 803 2576 ad
849 2530 1054 2576 dolorem
1095 2536 1142 2576 et
1179 2530 1335 2577 ulcera
1373 2532 1556 2577 aurium
1594 2530 1748 2591 tepide

91 2607 133 2637 85
155 2599 341 2643 inserta.
401 2598 584 2646 Dolenti
621 2600 856 2646 auriculae
895 2607 1079 2660 oportet
1121 2601 1313 2646 farinam
1345 2600 1627 2646 hordiaciam
1666 2614 1751 2660 per

155 2681 204 2712 se
249 2673 426 2714 coctam
473 2683 527 2714 ex
572 2684 689 2730 aqua
736 2669 884 2716 mulsa
923 2669 1263 2730 cataplasmatis
1301 2685 1430 2716 more
1469 2685 1493 2716 a
1531 2670 1645 2715 foris
1682 2672 1749 2715 in-

153 2750 327 2796 ponere
373 2737 444 2783 vel
490 2738 683 2786 farinam
727 2739 809 2786 lini
847 2741 1038 2786 seminis
1083 2747 1130 2786 et
1173 2740 1464 2801 faenograeci
1509 2740 1558 2785 in
1604 2753 1749 2786 unum

1441 2817 1499 2861 7*

1786 315 1839 352 50

1785 454 1837 491 51

1783 592 1837 630 52

1783 940 1838 977 53

1781 1218 1835 1255 54

1785 1705 1836 1741 55

1783 2191 1835 2229 56

1781 2608 1833 2646 57
