1930 3008
770 93 1151 144 -277—

302 223 565 272 Palmarum
608 235 805 270 numero
849 219 935 267 XX
981 219 1172 283 pulpae,
1223 219 1352 266 iunci
1402 217 1574 264 radicis
1619 216 1658 262 X
1701 214 1758 279 X,
1788 225 1842 264 20

165 294 308 358 gallae
345 296 604 341 inmaturae
644 291 683 338 X
713 290 768 353 X,
804 305 987 353 myrrae
1024 289 1065 336 X
1095 289 1152 353 V3
1191 288 1455 336 tunduntur
1486 293 1534 333 et
1561 288 1760 333 miscen-

165 372 245 412 tur
288 365 504 411 universa
549 369 687 423 atque
726 375 782 408 ex
819 360 1037 408 omnibus
1073 360 1193 406 fiunt
1229 373 1285 404 ex
1323 359 1429 403 vino
1466 355 1640 418 pastilli
1676 370 1760 402 nu-

163 448 294 482 mero
324 432 466 496 XXX,
503 433 673 479 dantur
711 430 926 477 similiter
962 435 1016 477 ut
1049 428 1289 491 praedicta
1324 426 1665 474 medicamenta
1705 439 1761 472 ex

122 519 142 551 5
166 503 375 566 q'uolibet
410 502 605 564 liquore.

305 572 529 619 Balaustii
565 570 606 617 X
636 569 685 632 V,
723 571 904 631 soporis
942 568 981 615 X
1011 568 1074 637 Il,
1118 566 1262 628 gallae
1299 568 1560 613 inmaturae
1596 563 1759 625 pilula·
1791 573 1843 611 21

166 657 272 691 rum
305 642 343 688 X
373 641 427 704 ΙΙ,
464 641 676 688 tamarici
706 640 897 686 seminis
929 638 967 684 X
998 638 1053 700 11,
1086 638 1209 684 turis
1238 636 1278 682 X
1309 635 1407 697 IIII,
1437 635 1552 682 rhus
1584 633 1763 696 Syriaci

168 711 206 759 X
235 710 334 773 1111,
370 713 668 757 vinaceorum
706 714 936 755 tostorum
975 707 1014 753 X
1044 707 1102 770 V3
1146 707 1257 753 hinc
1294 705 1485 767 pilulam
1523 704 1579 751 ad
1618 704 1763 751 duum

166 781 465 828 denariorum
501 779 686 841 pondus
722 791 831 825 cum
866 778 1055 838 potione
1093 791 1149 822 ex
1186 777 1283 822 vini
1319 777 1442 835 nigri
1471 773 1650 836 cyathis
1680 774 1757 819 tri-

105 867 145 898 10
166 850 256 898 bus
284 849 574 910 totidemque
604 862 750 908 aquae
781 846 956 894 calidae
986 848 1128 893 mixta
1158 847 1416 891 torminoso
1440 844 1540 890 dari
1565 848 1764 904 oportet.

308 919 357 965 Si
387 919 630 965 torminosi
653 917 726 964 vel
753 916 916 978 cyliaci
938 921 1132 977 propter
1155 915 1425 975 frequentes
1450 913 1763 959 desurrectio—
1795 919 1848 957 22

167 1004 250 1036 nes
295 988 473 1035 viribus
518 987 817 1048 deficientur,
862 986 1038 1032 dandae
1084 990 1224 1031 erunt
1269 986 1337 1030 eis
1381 982 1662 1029 sorbitiones
1708 996 1765 1028 ex

169 1072 380 1107 cremore
425 1058 562 1103 farris
605 1056 678 1103 vel
722 1070 777 1102 ex
821 1057 1003 1117 ptisana
1048 1055 1196 1101 factae
1241 1053 1378 1100 modo
1415 1067 1501 1114 per
1539 1066 1588 1098 se
1627 1050 1768 1115 solae,

170 1128 306 1174 modo
345 1141 451 1174 cum
488 1140 593 1173 rosa
630 1126 939 1186 unguentaria
977 1125 1169 1186 mixtae,
1211 1123 1284 1169 vel
1321 1124 1395 1169 ius
1433 1121 1628 1183 gallinae
1665 1122 1765 1181 pin-

109 1213 149 1244 15
172 1199 275 1258 guis
326 1202 545 1243 excoctae
596 1209 703 1242 cum
756 1194 925 1255 butyro
977 1194 1050 1240 vel
1100 1193 1170 1239 lac
1219 1206 1479 1253 caprunum
1523 1196 1603 1237 aut
1647 1190 1765 1237 ovile

171 1266 379 1327 tepidum
417 1279 501 1326 per
537 1279 587 1312 se
623 1264 698 1311 vel
733 1265 873 1311 etiam
911 1263 1154 1310 decoctum
1192 1276 1299 1309 cum
1336 1262 1504 1323 butyro
1543 1266 1591 1307 et
1626 1259 1764 1307 lenti-

171 1335 274 1383 cula
320 1335 535 1382 similiter
579 1335 699 1380 facta
743 1333 957 1395 prodest3
1001 1332 1266 1394 inponenda
1309 1345 1418 1377 vero
1461 1337 1571 1377 sunt
1607 1331 1767 1376 tormi-

171 1407 300 1452 nosis
331 1405 531 1466 fatigatis
561 1418 585 1450 a
617 1402 854 1450 stomacho
885 1417 1035 1463 usque
1067 1402 1122 1448 ad
1153 1403 1342 1462 inguina
1373 1406 1612 1461 unguenta
1648 1413 1766 1460 quae

174 1476 377 1536 spissant
414 1471 569 1520 cutem
607 1487 674 1534 ea,
712 1472 882 1533 quihus
920 1473 1220 1533 unguentarii
1256 1477 1468 1517 utuntur.

110 1559 151 1589 20
314 1543 716 1600 Medicamentum,
741 1541 866 1602 quod
886 1556 970 1604 per
994 1555 1132 1587 anum
1154 1542 1347 1587 inicitur
1370 1540 1655 1601 torminosis,
1679 1539 1768 1585 sic:
1798 1541 1850 1579 23

174 1613 323 1660 Calcis
344 1614 482 1674 vivae,
506 1612 798 1672 sandaracae,
822 1612 1166 1672 auripigmenti,
1190 1609 1480 1671 singulorum
1503 1610 1632 1670 paria
1655 1622 1768 1669 pon-

174 1683 299 1744 dera,
336 1687 556 1728 teruntur
592 1696 685 1728 una
723 1682 875 1727 omnia
906 1695 962 1726 ex
992 1694 1112 1741 aqua
1141 1679 1215 1726 vel
1244 1694 1300 1726 ex
1332 1693 1445 1725 suco
1476 1678 1769 1739 plantaginis,

175 1753 322 1798 donec
366 1752 549 1812 possint
594 1752 741 1812 coire,
785 1756 899 1797 tunc
943 1749 1118 1811 pastilli
1162 1750 1299 1811 fiunt3
1343 1763 1452 1795 cum
1489 1762 1607 1809 opus
1646 1753 1769 1809 sunt,

175 1827 396 1867 teruntur
448 1826 494 1866 et
543 1821 803 1866 iniciuntur
847 1819 903 1866 ad
947 1821 1176 1879 cuiusque
1222 1820 1367 1879 vires,
1418 1824 1472 1864 ut
1515 1817 1772 1878 plurimum

115 1903 154 1934 25
177 1889 217 1936 X
256 1889 341 1935 1111
386 1895 466 1935 aut
510 1891 752 1954 minimum
790 1888 829 1934 X
867 1888 908 1934 ΙΙ
952 1903 1059 1935 cum
1095 1888 1281 1934 hemina
1319 1887 1391 1933 vel
1428 1894 1480 1934 ut
1515 1887 1771 1948 plurimum

178 1973 285 2006 cum
330 1958 508 2020 cyathis
551 1957 674 2004 VIIII
718 1972 862 2018 aquae
907 1973 1015 2004 cum
1060 1959 1223 2019 myrtis
1272 1957 1491 2003 decoctae
1539 1955 1613 2002 vel
1664 1969 1772 2002 cum

176 2043 311 2075 rosae
350 2028 472 2074 foliis
501 2027 574 2074 vel
603 2027 820 2090 lentisco;
857 2027 1196 2074 medicamento
1228 2041 1337 2073 sane
1367 2026 1456 2073 hoc
1486 2028 1558 2072 uti
1587 2030 1774 2086 oportet

176 2112 271 2144 non
308 2099 431 2144 inter
468 2098 600 2143 initia
637 2098 941 2159 torminosos,
988 2097 1069 2143 sed
1115 2111 1220 2143 cum
1257 2095 1521 2157 malignitas
1557 2096 1659 2141 vitii
1696 2108 1772 2154 ap-

177 2169 409 2229 paruerit,
456 2172 503 2213 et
548 2167 588 2213 si
632 2181 726 2212 non
772 2166 934 2212 eodem
979 2166 1074 2229 die,
1127 2180 1217 2226 quo
1262 2167 1467 2227 primum
1510 2163 1772 2225 adhibetur,

115 2249 157 2280 30
179 2236 432 2297 profuerit,
478 2237 617 2282 etiam
664 2237 879 2296 sequenti
924 2236 1027 2282 fieri
1067 2235 1314 2296 oportebit.
1389 2234 1437 2281 Si
1476 2235 1580 2295 quis
1618 2239 1773 2279 autem

179 2320 365 2352 morsus
408 2307 762 2367 intestinorum,
808 2319 914 2351 cum
957 2306 1204 2351 inmissum
1248 2307 1339 2351 erit
1382 2304 1773 2350 medicamentum

182 2381 262 2421 aut
305 2389 412 2421 cum
456 2375 599 2438 redit,
642 2376 927 2437 insequitur,
971 2374 1244 2421 infundatur
1288 2375 1443 2420 statim
1487 2387 1572 2434 per
1609 2371 1774 2434 clyste-

182 2445 305 2489 rium
341 2443 588 2491 lenticulae
626 2444 846 2491 decoctae
883 2458 1001 2505 aqua
1031 2443 1102 2490 vel
1132 2443 1360 2506 furfures3
1398 2442 1637 2490 sedabitur
1667 2455 1775 2488 con-

326 2567 347 2603 1
378 2562 560 2605 radices.
704 2569 728 2605 6
765 2563 1012 2605 balaustioi.
1163 2562 1351 2617 soporis]
1395 2561 1485 2615 opii
1523 2562 1773 2604 Gornarius.

183 2622 208 2660 8
238 2618 529 2661 vinacearum.
632 2624 656 2660 9
687 2619 1013 2660 denariumrum
1042 2619 1148 2671 (sic).
1254 2622 1304 2660 10
1334 2618 1512 2659 mixtae.
1603 2622 1654 2659 13
1685 2629 1774 2658 ere-

182 2673 338 2737 more]·
357 2686 572 2726 opemore.
723 2679 774 2716 15
806 2674 990 2716 ovillum
1021 2674 1272 2717 Gornarius.
1428 2678 1480 2715 28
1509 2672 1775 2716 torminosos

181 2730 336 2783 scripsz
345 2745 358 2771 .-
387 2728 650 2773 torminosis.
765 2735 820 2772 34
850 2743 1002 2784 aquae.
