1898 3016
68 422 120 460 62

68 632 120 670 63

766 174 827 182 -
903 147 1146 198 262—-

153 287 272 335 quae
310 272 486 320 Graece
524 273 824 336 sisymbrium
856 275 1042 338 dicitur,
1079 277 1218 322 tritae
1250 290 1392 323 sucus
1423 291 1674 338 expressus
1706 283 1753 324 et

153 357 265 389 sano
304 358 361 390 ex
397 345 526 407 vino,
570 344 858 392 febricitanti
895 360 950 391 ex
989 359 1107 406 aqua
1143 347 1277 406 potui
1314 345 1448 393 datus
1486 349 1656 394 mirum
1695 348 1752 394 ad

151 415 358 461 vessicae
398 413 584 461 dolores
621 415 882 461 remedium
921 420 1005 461 est.
1064 414 1340 462 Feniculum
1378 430 1486 462 cum
1515 417 1752 464 radicibus

152 485 250 530 suis
289 484 536 531 decoctum
574 491 622 531 et
657 486 791 546 potui
828 490 1069 545 sumptum
1104 485 1358 532 efficaciter
1388 487 1592 533 vessicae
1627 487 1752 534 dolo-

151 552 284 601 ribus
321 554 528 615 prodest.
1774 571 1794 603 5

293 623 617 686 Glycyrrhizae
643 624 1052 671 commanducatae
1079 639 1221 672 sucus
1245 625 1494 672 devoratus
1510 625 1582 672 vel
1604 632 1755 674 trans-

68 702 122 739 64
152 694 326 740 missus
349 696 534 741 urinam
562 694 816 741 efficaciter
837 702 1072 756 provocat.
1118 695 1364 743 Trifolium
1389 697 1624 743 minutum
1650 711 1758 744 cum

68 841 120 879 65

69 1051 121 1089 66

68 1471 119 1509 67

67 1611 120 1648 68

69 1823 120 1861 69

70 2102 121 2142 70

72 2314 122 2351 71

153 765 316 824 pipere
366 770 412 810 et
455 764 612 825 puleio
659 771 886 826 quantum
932 767 1044 811 satis
1089 765 1324 812 videbitur
1361 767 1527 813 tritum
1564 771 1611 813 et
1648 782 1755 814 cum

154 835 258 880 vino
288 836 422 895 potui
451 834 610 881 datum
641 836 868 881 vessicam
899 849 1130 896 renesque
1161 835 1393 897 purgabit.
1441 835 1624 883 Herbae
1654 852 1755 883 ver-

151 902 299 950 benae
345 906 575 951 contritae
621 919 764 951 sucus
803 919 1054 966 expressus
1092 905 1286 952 adiectis
1324 907 1420 952 vini
1457 907 1635 967 cyathis
1673 908 1755 954 tri-
1779 920 1818 950 ιο

151 972 240 1020 bus
284 976 418 1035 potui
459 974 595 1021 datus
633 974 970 1022 admirabiliter
1009 977 1231 1022 continuo
1270 977 1434 1022 urinae
1473 976 1755 1024 difficultati-

152 1042 242 1090 bus
271 1043 496 1105 proderit.
550 1044 720 1108 Herba,
752 1059 870 1106 quae
901 1059 1093 1106 gramen
1125 1045 1298 1092 dicitur
1321 1045 1552 1092 nodorum
1576 1046 1756 1110 XXVII,

151 1127 209 1160 ex
253 1115 361 1160 vino
414 1114 469 1160 ad
514 1114 691 1160 medias
737 1114 929 1161 decocta
974 1121 1022 1161 et
1059 1129 1279 1176 expressa
1316 1122 1454 1176 atque
1493 1116 1641 1163 colata
1676 1131 1757 1177 po-

150 1185 314 1244 tuique
355 1186 676 1245 strangurioso
722 1198 778 1230 ex
815 1186 912 1230 vini
956 1184 1120 1246 cyatho
1165 1199 1259 1231 uno
1308 1186 1452 1231 mixta
1494 1186 1598 1233 data
1642 1186 1756 1233 adeo

150 1259 368 1314 potenter
420 1256 678 1318 succurrit,
723 1259 777 1300 ut
821 1254 903 1300 ubi
947 1256 1048 1300 sine
1094 1260 1327 1301 tormento
1373 1257 1557 1301 urinam
1602 1256 1755 1303 facere
1780 1269 1820 1300 15

151 1325 381 1386 coeperit,
427 1323 530 1371 dari
565 1339 660 1370 non
698 1330 927 1387 oporteat,
966 1324 1048 1371 sed
1086 1324 1372 1372 febricitanti
1409 1340 1465 1371 ex
1503 1340 1622 1387 aqua
1660 1326 1757 1373 sola

153 1393 352 1441 dabitur.

294 1463 345 1510 Si
383 1465 489 1525 quis
526 1465 638 1510 vitio
677 1465 883 1511 vessicae
922 1471 1002 1511 aut
1033 1466 1287 1525 strangurii
1324 1464 1540 1511 laborans
1579 1465 1755 1526 lignum

152 1535 429 1581 tamaricum
473 1533 643 1580 ardens
691 1534 804 1581 lotio
843 1548 927 1580 suo
960 1536 1232 1596 extinxerit,
1279 1535 1462 1581 desinet
1498 1534 1620 1582 ultra
1652 1550 1755 1582 cru-

153 1606 279 1651 ciari.
333 1604 556 1666 Cupressi
593 1604 702 1650 folia
738 1610 901 1650 tenera
932 1618 989 1650 ex
1019 1618 1166 1666 aquae
1198 1606 1414 1650 sextariis
1445 1611 1667 1666 quattuor
1698 1606 1754 1652 ad
1778 1617 1819 1648 20

152 1676 408 1721 sextarium
443 1674 635 1721 decocta
666 1680 714 1721 et
744 1688 967 1737 expressa
997 1681 1136 1735 atque
1169 1673 1315 1721 colata
1347 1689 1455 1721 cum
1484 1676 1591 1721 vino
1622 1677 1756 1736 potui

152 1744 258 1791 data
295 1746 562 1806 stranguria
601 1744 819 1791 celeriter
858 1744 1120 1790 emendant.

293 1814 504 1861 Hederae
542 1815 702 1875 nigrae
739 1814 878 1861 bacas
915 1813 952 1859 V
991 1820 1071 1861 aut
1107 1813 1165 1860 VI
1206 1820 1286 1861 aut
1329 1814 1570 1876 undecim,
1613 1820 1757 1876 prout

153 1890 279 1932 aetas
325 1886 454 1946 aegri
497 1886 716 1946 viresque
760 1886 1022 1948 patientur,
1069 1886 1293 1931 contritas
1339 1898 1396 1930 ex
1441 1898 1559 1946 aqua
1607 1884 1756 1932 mulsa

153 1960 362 2016 sumptas
396 1957 515 2002 mire
544 1954 770 2016 prodesse
802 1954 1102 2002 manifestum
1137 1959 1221 2016 est,
1260 1955 1399 2000 etiam
1431 1956 1472 2000 si
1503 1956 1756 2015 sanguinu-
1779 1967 1819 1999 25

153 2024 327 2071 lentam
363 2026 549 2072 urinam
589 2026 940 2086 stranguriosus
977 2025 1136 2086 faciet3
1184 2039 1240 2070 ex
1278 2038 1397 2086 aqua
1435 2025 1755 2071 tantummodo

154 2094 301 2141 calida
339 2109 416 2141 eas
453 2101 616 2157 potare
654 2094 855 2142 debebit.
907 2095 1017 2141 Avis
1049 2094 1301 2155 ossifragae
1333 2093 1620 2140 ventriculus
1653 2094 1755 2140 sali-

154 2172 245 2227 tUS,
282 2173 336 2212 ut
374 2167 551 2212 servari
581 2167 744 2227 possit,
783 2174 863 2212 aut
894 2170 1089 2211 exustus
1121 2170 1168 2210 et
1198 2166 1245 2210 in
1272 2163 1512 2225 pulverem
1535 2163 1755 2210 redactus

157 2250 264 2282 cum
301 2237 397 2282 vini
434 2237 624 2296 potione
663 2235 799 2282 datus
837 2236 1022 2282 urinam
1061 2235 1314 2281 efficaciter
1350 2238 1585 2294 provocat.

296 2304 434 2352 Mulis
478 2307 761 2367 inpetigines
806 2306 854 2351 in
892 2311 1094 2365 utroque
1133 2318 1271 2351 crure
1310 2317 1452 2363 super
1490 2317 1639 2363 genua
1678 2317 1754 2349 na·
1778 2316 1818 2346 30

156 2382 355 2422 scuntur
387 2382 432 2422 et
463 2376 605 2422 veluti
636 2377 758 2423 cutis
790 2374 945 2421 aridae
977 2374 1115 2420 modo
1146 2373 1410 2435 inhaerent;
1444 2372 1527 2418 has
1557 2372 1755 2419 incende

155 2451 203 2491 et
248 2447 622 2506 stranguriosum
667 2445 973 2492 divaricatum
1019 2444 1223 2505 desuper
1266 2456 1409 2504 pone,
1453 2443 1517 2488 ita
1562 2448 1616 2489 ut
1661 2443 1755 2489 suf-

155 2515 509 2576 fumigationem
554 2515 680 2562 illam
719 2516 935 2576 expansis
974 2513 1184 2560 vestibus
1222 2518 1368 2574 tegat,
1415 2526 1473 2558 ne
1512 2526 1603 2573 qua
1641 2512 1757 2559 odor

300 2640 321 2676 1
355 2635 645 2679 sesimbrium.
763 2642 787 2678 6
818 2633 1052 2688 glicerizae
1083 2632 1488 2676 cummandueatae.
1600 2637 1623 2674 9
1656 2647 1755 2687 pur-

155 2689 350 2744 gabitur.
525 2697 577 2734 14
614 2691 922 2746 strangulioso.
1097 2693 1147 2730 18
1188 2689 1462 2742 stranguriae
1503 2687 1754 2731 Gor-narius.

159 2751 211 2788 19
243 2747 514 2790 extincxerit.
688 2752 740 2789 22
781 2745 1080 2800 stranguriam
1112 2744 1363 2787 Gornarius.
1537 2744 1755 2787 emendat.

157 2807 210 2844 25
243 2802 395 2857 etiam]
426 2816 542 2845 nam.
659 2808 711 2845 26
743 2803 816 2857 ex]
847 2803 903 2844 et.
1020 2805 1071 2842 27
1104 2800 1289 2843 sallitus.
1408 2805 1461 2843 30
1491 2800 1633 2842 ienua.
