1898 3016
711 106 1085 157 -159—

110 237 239 299 hibe;
283 250 419 283 omne
460 250 608 297 genus
646 236 790 282 tussis
826 234 1080 282 efficaciter
1116 233 1315 281 curabis
1382 233 1593 281 Feniculi
1628 248 1698 281 ra-

110 307 260 355 dicem
297 305 492 352 viridem
530 304 722 352 nitidam
759 306 809 351 in
844 304 937 366 pila
973 304 1123 365 lignea
1161 302 1396 350 contunde
1427 311 1566 365 atque
1597 306 1699 350 eius

110 389 276 424 sucum
312 376 499 421 ieiunus
537 389 644 421 cum
682 376 785 420 vino
823 379 979 420 vetere
1010 387 1095 434 per
1125 373 1226 419 dies
1256 374 1504 419 continuos
1534 388 1698 420 novem

110 447 159 492 in
195 445 353 491 limine
391 450 519 490 stans
555 443 684 505 bibe,
726 443 1005 490 validissime
1043 442 1288 489 adversum
1326 448 1504 489 tussem
1542 457 1699 503 quam·

69 529 89 560 5
111 514 225 561 libet
259 512 501 560 molestam
537 512 624 558 tibi
660 513 890 575 proderit3
925 512 1086 559 itidem
1122 512 1333 573 proderit
1370 517 1416 558 et
1452 511 1613 572 pulvis,
1643 526 1699 558 ex

110 583 270 631 eadem
306 582 462 629 radice
500 583 622 628 sicca
660 582 810 628 factus
847 581 1062 628 similiter
1099 587 1278 642 epotus.
1341 580 1476 627 Porri
1513 583 1698 628 contusi

111 667 252 700 sucus
296 665 544 712 expressus
590 665 696 697 cum
742 650 843 697 oleo
888 650 1112 697 decoctus
1157 657 1203 697 et
1240 656 1407 712 epotus
1443 650 1696 712 plurimum

110 723 327 769 tussienti
362 726 579 782 praestat.
633 719 871 766 Verbenae
902 719 1073 767 herbae
1104 720 1332 766 arefactae
1363 726 1528 767 tunsae
1558 725 1696 781 atque

109 790 329 838 criblatae
353 790 616 836 tenuissimi
637 788 843 850 pulveris
863 789 1077 835 cocliaria
1096 791 1302 850 quinque
1326 791 1498 836 maiora
1516 791 1698 835 maiori-

47 874 88 905 ιο
109 860 212 923 bus,
235 858 493 906 minoribus
515 873 600 920 pro
625 864 773 905 aetate
791 860 984 920 minora,
1009 859 1090 905 sed
1114 860 1311 905 sinceris
1334 873 1391 904 ex
1408 860 1501 904 vini
1517 859 1700 905 Aminei

108 930 279 976 veteris
302 928 480 990 cyathis
502 927 695 974 totidem
711 942 797 989 per
820 927 919 974 dies
936 929 1143 989 quinque
1166 928 1367 988 potanda
1390 927 1535 990 dabis,
1560 927 1698 974 sebri-

109 997 360 1046 citantibus
398 1012 455 1043 ex
491 1011 609 1058 aqua
647 997 748 1043 dari
784 997 1032 1059 oportebit,
1069 998 1186 1044 mire
1221 996 1531 1044 tussientibus
1560 996 1698 1058 prod-

109 1070 212 1115 erit.
278 1066 442 1113 Scillae
483 1068 720 1113 interioris
758 1066 986 1114 medullae
1025 1074 1212 1113 tenerae
1258 1068 1486 1113 contritae
1532 1081 1697 1113 sucum

109 1151 216 1184 cum
260 1135 411 1183 mellis
454 1137 556 1197 pari
599 1150 817 1182 mensura
862 1136 1070 1197 decoque
1117 1142 1163 1182 et
1199 1136 1306 1182 inde
1346 1137 1528 1183 etiamsi
1564 1137 1698 1182 mini-

47 1219 89 1251 15
110 1220 259 1267 mum,
297 1212 523 1266 quantum
567 1219 778 1252 summus
822 1205 995 1266 digitus
1039 1207 1250 1266 recipere
1299 1207 1467 1267 possit,
1511 1207 1698 1252 ieiunus

110 1275 299 1323 cottidie
336 1289 469 1321 mane
507 1276 779 1335 gustaveris,
818 1276 961 1321 tussis
998 1274 1209 1321 molestia
1245 1276 1364 1321 mire
1401 1274 1596 1322 carebis.

249 1343 412 1390 Tussis
449 1343 658 1391 molestia
697 1345 788 1390 cito
819 1343 1092 1406 liberabere,
1130 1346 1169 1390 si
1200 1343 1520 1391 observaveris
1551 1358 1698 1391 reme-

109 1414 238 1460 dium
275 1413 386 1460 tale:
423 1413 604 1473 Piperis
641 1413 733 1459 albi
763 1427 905 1474 grana
935 1413 1013 1476 111,
1048 1413 1267 1460 bacarum
1305 1414 1426 1460 lauri
1464 1427 1605 1474 grana
1635 1413 1698 1460 111

109 1484 158 1529 in
195 1497 341 1529 unum
379 1482 613 1529 contunde
659 1488 705 1528 et
742 1482 937 1528 adiectis
973 1497 1120 1543 aquae
1158 1482 1331 1529 calidae
1370 1483 1547 1544 cyathis
1585 1483 1697 1530 duo-

45 1566 87 1597 20
109 1551 197 1598 bus
234 1553 419 1598 ieiunus
456 1550 578 1614 bibe,
616 1551 783 1598 deinde
819 1553 997 1613 piperis
1030 1566 1173 1612 grana
1203 1551 1239 1597 V
1270 1559 1317 1598 et
1345 1552 1466 1598 lauri
1495 1552 1633 1598 bacas
1661 1551 1699 1597 V

107 1636 163 1668 ex
201 1635 346 1682 aquae
384 1627 436 1667 ut
474 1635 614 1681 supra
645 1620 822 1682 cyathis
854 1620 1037 1667 duobus
1074 1621 1195 1683 bibe,
1233 1621 1402 1668 deinde
1432 1621 1512 1668 VII
1543 1628 1589 1668 et
1618 1620 1698 1667 VII

107 1705 164 1737 ex
200 1704 345 1751 aquae
384 1689 586 1752 duobus,
623 1690 791 1737 deinde
829 1689 951 1736 VIIII
993 1697 1040 1737 et
1075 1690 1197 1736 VIIII
1237 1705 1292 1736 ex
1329 1705 1475 1751 aquae
1513 1690 1697 1737 duobus

106 1767 154 1806 et
196 1761 237 1806 si
280 1767 372 1806 tam
416 1758 612 1806 molesta
655 1762 798 1806 tussis
847 1760 1010 1822 fuerit,
1058 1767 1110 1807 ut
1157 1775 1250 1806 non
1297 1762 1453 1806 statim
1502 1761 1697 1822 desinat,

106 1830 277 1875 iterum
322 1828 634 1875 deminuendo
681 1829 894 1876 similiter
937 1829 1100 1893 facieS,
1145 1836 1198 1876 ut
1233 1829 1356 1875 VIIII
1401 1836 1448 1876 et
1491 1829 1614 1876 VIIII
1651 1836 1699 1876 et.

44 1911 85 1944 25
107 1898 274 1944 deinde
312 1897 391 1943 Vll
430 1904 476 1943 et
511 1897 612 1960 Vll,
649 1897 686 1942 V
722 1904 769 1945 et
805 1898 856 1961 V,
892 1898 955 1944 111
993 1906 1039 1945 et
1075 1899 1139 1945 111
1183 1913 1291 1945 cum
1337 1914 1483 1960 aquae
1521 1899 1696 1946 calidae

106 1966 228 2013 binis
260 1966 436 2028 cyathis
466 1966 610 2013 bibas,
666 1966 888 2028 Cupressi
923 1968 1065 2014 bacae
1096 1983 1292 2015 numero
1323 1970 1526 2030 impares
1557 1983 1696 2030 quam

107 2037 419 2082 minutissime
464 2038 601 2082 tritae
645 2042 692 2082 et
737 2051 793 2083 ex
837 2039 944 2083 vino
989 2043 1145 2084 vetere
1191 2039 1349 2084 ieiuno
1395 2040 1527 2099 potui
1565 2039 1696 2085 datae

106 2111 284 2152 tussem
318 2107 641 2166 potentissime
674 2105 877 2169 leniunt3
917 2107 1126 2153 eiusdem
1164 2114 1324 2154 tenera
1359 2107 1696 2154 cauliculorum

106 2188 131 2220 a
168 2176 324 2221 ieiuno
362 2175 757 2237 commanducata,
794 2178 857 2222 ita
895 2183 946 2222 ut
983 2190 1126 2222 sucus
1156 2176 1548 2238 transgluttiatur‚
1578 2179 1694 2223 mire

43 2257 85 2288 80
108 2250 272 2290 sanant
315 2245 613 2306 tussientem,
659 2246 700 2290 si
742 2245 788 2291 id
827 2245 1020 2291 adiectis
1065 2260 1249 2306 semper
1289 2247 1456 2307 impari
1499 2260 1696 2292 numero

107 2312 347 2359 cauliculis
384 2327 469 2375 per
505 2314 714 2361 triduum
752 2315 842 2361 fiat.
912 2314 1114 2377 Myrrae,
1153 2317 1370 2376 storaciS,
1416 2318 1530 2376 opii,
1569 2316 1696 2361 croci

106 2396 242 2443 pares
279 2397 523 2429 mensuras
561 2385 789 2430 conterito
826 2390 872 2430 et
903 2384 959 2430 de
991 2386 1207 2430 contritis
1238 2399 1289 2431 ac
1319 2386 1563 2445 permixtis
1593 2399 1695 2446 spe·

107 2450 268 2498 ciebus
313 2451 524 2513 globulos
570 2468 626 2499 ex
671 2467 789 2513 aqua
836 2453 1060 2500 cicerculi
1102 2454 1421 2514 magnitudine
1466 2454 1604 2500 facito
1643 2469 1695 2500 ac

222 2576 242 2612 1
274 2570 481 2614 fenuculi.
620 2577 646 2614 4
674 2572 954 2614 valedissime
984 2573 1205 2626 (saepius).
1348 2577 1372 2614 8
1403 2572 1695 2615 tussientibus

109 2625 359 2668 (Iov-narius.
514 2630 760 2681 praestater
790 2630 895 2682 (sie).
1064 2634 1114 2670 10
1146 2628 1326 2670 sinceris
1363 2630 1425 2671 sic
1453 2631 1567 2681 cod„
1604 2642 1694 2670 ‘non

108 2681 266 2722 sinceri
294 2687 343 2724 ut
373 2683 622 2726 Carnarius.
759 2684 963 2726 aminnei.
1096 2689 1146 2726 17
1176 2683 1439 2727 molestiam.
1566 2689 1619 2727 25
1650 2686 1696 2726 et

53 2758 55 2761 .
106 2749 216 2779 cum.
332 2742 385 2780 26
415 2738 742 2781 minutissimae.
858 2745 909 2782 31
941 2740 1168 2782 storachiS.

1728 242 1779 279 21

1728 587 1782 625 22

1728 726 1782 763 23

1729 1071 1783 1108 24

1729 1349 1782 1387 25

1727 1974 1781 2011 26

1726 2318 1777 2356 27
