1898 3016
814 102 1192 155 —215—

205 236 320 283 teris
364 234 651 296 summatim,
695 232 868 280 adicies
914 232 1201 279 semunciam
1246 230 1496 293 zingiberis
1541 235 1588 277 et
1625 230 1801 292 piperis

206 306 308 353 triti
344 330 410 337 —
440 303 496 366 11,
533 302 797 365 petrosilini
837 328 897 335 —
931 301 949 348 1
990 307 1037 349 et
1074 301 1212 348 simul
1249 303 1422 348 iterum
1460 301 1710 362 discoques
1747 314 1802 347 ac

205 380 367 437 postea
403 373 623 420 miscebis
660 372 871 435 mulsam,
908 371 990 419 ubi
1026 377 1159 419 cocta
1197 371 1374 418 fuerint
1404 371 1623 432 cydonea,
1661 376 1803 432 atque

205 447 269 492 ita
314 445 361 490 in
405 443 591 490 vasculo
636 444 773 489 vitrio
817 442 1046 490 recondes
1100 447 1147 488 et
1190 455 1297 488 cum
1343 455 1460 503 opus
1506 441 1667 498 fuerit,
1716 454 1804 501 per

163 531 184 562 5
207 514 415 561 cocleare
453 515 639 560 ieiunus
676 514 892 574 accipies.

348 583 586 630 Stomachi
616 588 662 628 et
692 584 856 643 capitis
891 581 1090 644 dolores,
1121 588 1298 628 tussem
1331 594 1516 641 quoque
1540 579 1795 641 longasque
1808 590 1892 629 127

207 653 523 715 aegritudines
568 657 700 699 curat
744 658 791 698 et
835 651 1132 712 dysintericis
1177 651 1413 713 medetur,
1460 649 1805 711 leptopyrexias

208 729 352 784 sanat,
383 722 533 769 dolori
562 723 702 768 etiam
732 721 935 768 faucium
968 728 1014 768 et
1038 721 1299 783 synanchae
1325 721 1562 767 succurrit
1590 719 1681 766 tale
1709 733 1805 765 me-

208 793 440 839 dicamen:
483 791 664 853 Piperis
702 790 793 837 albi
836 817 894 823 —
931 791 951 836 Ι
984 791 1036 851 8,
1076 790 1226 837 mellis
1265 791 1405 837 Attici
1447 816 1506 822 -—
1542 789 1562 835 Ι
1593 789 1645 852 S,
1684 789 1807 835 asari

146 879 186 909 ιο
213 888 271 895 -—
297 861 331 924 I,
361 863 633 924 vettonicae,
664 861 933 923 saxifragae,
963 861 1114 907 casiae
1145 860 1326 907 fistulae
1358 859 1542 921 pondus
1574 865 1626 906 ut
1650 872 1806 920 supra.

207 931 331 978 Haec
369 933 522 978 omnia
559 933 668 978 trita
706 946 813 978 cum
851 930 1125 992 despumato
1163 930 1298 976 melle
1331 928 1552 975 miscebis
1588 934 1636 975 et
1672 927 1806 974 dabis

208 1001 488 1048 coclearium
526 1001 700 1062 grande
738 1001 926 1062 plenum
962 1014 1019 1046 ex
1049 999 1237 1047 condito
1267 1001 1480 1061 mixtum,
1518 998 1807 1045 febricitanti

207 1086 317 1117 vero
357 1086 412 1117 ex
449 1085 567 1131 aqua
604 1071 763 1117 calida.

348 1140 619 1187 Antidotum
657 1140 900 1200 multiplex
937 1140 992 1187 ad
1031 1140 1175 1187 multa
1209 1139 1416 1185 remedia
1452 1139 1622 1199 recipit
1657 1137 1891 1185 bacca-28

148 1227 187 1257 15
210 1209 346 1257 Croci
377 1205 438 1277 91
464 1209 556 1267 XV,
587 1211 763 1271 piperis
795 1210 886 1257 albi
913 1236 972 1242 —
999 1210 1039 1256 ΙΙ
1067 1210 1111 1273 S,
1142 1210 1312 1255 amomi
1342 1209 1643 1269 semunciam,
1670 1220 1806 1268 pyre-

210 1281 305 1326 thri
343 1281 641 1340 semunciam,
680 1280 817 1326 dauci
845 1279 1018 1326 Cretici
1049 1280 1349 1339 semunciam,
1387 1277 1486 1323 folii
1514 1276 1807 1338 malabathri,

210 1349 562 1410 nardostachyS‚
602 1351 775 1411 casiae,
816 1351 908 1411 apii
946 1350 1153 1412 seminis,
1191 1347 1389 1410 euforbi,
1428 1352 1561 1394 rutae
1599 1347 1807 1408 seminiS,

211 1419 494 1481 petrosilini,
538 1433 671 1465 rosae
710 1420 881 1481 siccae,
920 1421 1015 1479 opii
1052 1418 1257 1479 singulas
1296 1419 1581 1479 semuncias,
1619 1414 1808 1477 opobal-

213 1491 328 1536 sami
375 1483 436 1555 ‘9‘
475 1488 553 1551 VI,
596 1487 746 1535 mellis
790 1488 901 1536 boni
946 1488 993 1535 P.
1032 1488 1093 1550 II,
1139 1489 1342 1535 cinnami
1388 1488 1688 1533 semunciam.
1758 1484 1810 1531 Si

147 1576 189 1607 20
212 1574 304 1605 non
336 1559 479 1606 fuerit
508 1560 787 1620 cinnamum,
823 1560 979 1605 mittes
1010 1559 1161 1604 casiae
1196 1556 1379 1604 fistulae
1410 1556 1604 1618 duplum
1634 1570 1720 1617 pro
1752 1569 1808 1600 eo

212 1635 258 1675 et
294 1629 408 1675 haec
446 1629 599 1675 omnia
636 1634 774 1674 tunsa
811 1627 1031 1674 criblabis
1069 1627 1260 1674 cribello
1298 1628 1431 1673 tenui
1461 1631 1509 1672 et
1539 1627 1606 1672 sic
1636 1626 1809 1671 misces

211 1699 371 1759 opium
409 1713 515 1744 cum
553 1697 687 1744 melle
724 1704 770 1744 et
798 1699 957 1744 mittes
986 1699 1036 1744 in
1066 1698 1343 1744 mortarium
1374 1702 1422 1743 et
1452 1695 1810 1757 diligentissime

211 1775 351 1830 teres,
382 1768 529 1814 donec
560 1782 707 1814 unum
738 1782 910 1828 corpus
940 1768 1034 1831 fiat,
1071 1782 1124 1814 ac
1156 1769 1223 1814 sic
1255 1768 1408 1813 omnia
1440 1767 1671 1827 permixta
1702 1765 1810 1811 mit-

213 1845 283 1884 tes
321 1839 369 1883 in
407 1837 628 1883 doliolum
665 1838 886 1899 vitreum3
933 1852 1040 1884 cum
1078 1851 1195 1898 opus
1233 1837 1387 1899 fuerit,
1427 1851 1482 1882 ex
1519 1835 1609 1881 hoc
1647 1834 1810 1881 colicis

149 1923 190 1954 25
214 1907 343 1954 fabae
381 1907 685 1967 Aegyptiacae
723 1907 1041 1967 magnitudine
1080 1921 1187 1953 cum
1225 1920 1370 1967 aquae
1404 1905 1599 1966 frigidae
1630 1903 1811 1967 cyathis

213 1976 366 2024 tribus
394 1978 529 2037 potui
558 1975 703 2038 dabis,
740 1978 1029 2038 iocinerosis,
1064 1978 1145 2037 qui
1181 1977 1312 2023 iecur
1336 1977 1540 2036 graviter
1570 1973 1811 2031 dolebunt,

214 2061 319 2093 cum
357 2048 463 2093 vino
499 2045 650 2092 mulso
688 2045 833 2108 dabis,
872 2052 924 2092 ut
961 2061 1102 2108 supra
1140 2047 1366 2107 scriptum
1405 2036 1492 2107 est,¹
1532 2044 1811 2106 epilepticis,

214 2131 331 2178 quos
363 2116 563 2162 caducos
595 2116 770 2177 dicunt,
802 2115 932 2162 dabis
967 2122 1016 2162 ut
1047 2130 1201 2176 supra,
1233 2115 1494 2176 pleuriticis
1526 2129 1634 2160 cum
1664 2127 1811 2174 aquae

213 2186 389 2232 mulsae
435 2185 566 2232 dabis
611 2186 788 2247 cyathis
834 2185 1008 2247 tribus,
1054 2185 1344 2231 stomachum
1391 2183 1657 2230 dolentibus
1702 2197 1812 2229 cum

149 2270 192 2301 30
215 2270 382 2317 poscae
430 2256 606 2317 cyathis
651 2255 825 2316 tribus,
870 2255 1188 2316 dysintericiS,
1234 2256 1315 2315 qui
1362 2253 1601 2315 persoluto
1647 2257 1812 2299 ventre

217 2333 346 2387 suut,
391 2340 497 2372 cum
537 2339 655 2386 aqua
692 2325 860 2385 frigida
897 2324 1048 2387 dabis,
1093 2323 1346 2385 periodicis
1383 2322 1594 2370 febribus
1632 2323 1714 2383 qui
1750 2321 1814 2368 la-

216 2395 395 2458 borant,
426 2395 472 2441 id
505 2401 577 2442 est
606 2394 955 2442 accessionibus
986 2394 1168 2440 diurnis
1197 2400 1242 2440 et
1265 2394 1524 2455 nocturnis,
1555 2406 1662 2439 cum
1694 2405 1815 2453 aqua

217 2465 363 2511 calida
408 2465 558 2527 dabis;
606 2464 776 2526 quibus
822 2464 987 2511 dentes
1034 2464 1193 2510 dolent
1230 2469 1277 2510 et
1318 2462 1490 2524 quibus
1528 2463 1718 2523 sanguis
1755 2460 1815 2508 de

220 2535 416 2594 gingivis
453 2534 629 2596 defluit,
667 2549 773 2581 cum
803 2549 944 2595 posca
983 2534 1151 2594 frigida
1182 2539 1260 2580 aut
1292 2547 1399 2580 cum
1429 2533 1535 2578 vino
1568 2531 1713 2594 dabis,
1750 2533 1815 2578 ita

361 2645 383 2682 7
416 2639 692 2683 disintericiS.
771 2639 1094 2694 leptoperitiaS.
1176 2644 1201 2682 8
1232 2638 1445 2680 sinanchi.
1529 2641 1580 2679 15
1611 2637 1815 2692 pirethri.

224 2699 274 2736 16
312 2694 597 2751 malabathri]
636 2695 863 2738 alabastri.
1010 2701 1061 2738 17
1099 2694 1417 2737 nardostachis.
1562 2699 1614 2736 22
1654 2693 1813 2735 mittis.

220 2755 273 2792 27
305 2750 640 2804 epilempthicis.
757 2757 809 2793 30
842 2751 991 2805 cyatis.
1109 2750 1400 2805 disyntericis.
