1898 3016
752 133 996 185 —235
1073 161 1131 170 -

151 281 206 314 ea
243 265 463 325 malagma
503 264 675 310 sactum
715 263 875 324 fuerit,
920 262 1107 309 rubrica
1146 261 1383 308 coloratur
1421 266 1467 306 et
1506 260 1747 321 inponitur

151 343 290 397 atque
334 334 487 381 tribus
527 333 661 379 horis
705 332 924 394 habetur,
970 338 1075 393 post
1121 331 1210 377 hoo
1248 333 1297 377 in
1334 329 1570 377 balineum
1606 328 1745 376 homo

151 406 339 453 ducitur
376 410 422 451 et
460 403 575 450 solio
613 402 693 449 diu
730 403 927 449 fovetur.

289 474 423 520 Aeris
453 473 616 519 ssorem
647 474 810 519 tritum
841 471 959 518 bene
990 486 1098 518 cum
1129 471 1280 531 sinapi
1313 476 1393 516 aut
1424 471 1563 516 etiam
1595 469 1745 516 solum
1779 476 1829 513 1⁷

108 557 128 590 5
150 546 310 591 mittes
346 546 394 590 in
432 549 616 590 acetum
655 542 886 603 simulque
924 543 972 588 in
1009 540 1252 588 bucculari
1289 540 1524 600 decoques
1561 541 1646 602 ita,
1694 547 1747 586 ut

151 613 435 674 aliquamdiu
486 612 580 658 illic
632 611 829 658 bulliant
883 618 929 658 et
980 611 1037 658 ad
1089 609 1441 657 similitudinem
1492 608 1745 670 pulticulae

151 685 436 745 spissentur3
480 687 641 743 postea
686 683 734 727 in
778 682 1016 727 vaccinam
1054 682 1279 727 vessicam
1321 678 1467 726 calida
1506 693 1558 724 ea
1597 685 1744 725 trans-

150 753 273 800 feres
309 755 386 815 ita,
426 759 478 798 ut
515 750 698 798 duobus
737 751 893 811 digitis
930 750 1104 811 liquori
1133 750 1242 796 huic
1276 750 1454 795 vessica
1484 750 1632 794 maior
1663 749 1745 810 sit3

149 829 248 870 tum
279 821 430 884 spleni
462 823 574 868 satis
605 820 805 867 calidum
835 820 1124 867 medicamen
1152 819 1370 880 adpones,
1401 817 1565 878 ligabis
1590 818 1745 879 fascia,

86 907 128 938 ιο
149 894 286 940 tertia
325 892 398 938 die
437 890 600 952 solves,
637 889 840 936 mirabili
877 889 1186 950 gratulaberis
1223 888 1444 934 remedio

289 961 476 1008 Guttam
507 961 781 1006 ammoniaci
810 962 858 1005 in
882 965 1065 1006 acetum
1091 958 1357 1005 scilliticum
1380 957 1614 1019 infundes,
1638 962 1744 1017 post
1777 962 1829 999 18

149 1031 342 1078 biduum
388 1033 451 1077 ita
496 1036 642 1092 teres,
687 1036 741 1076 ut
783 1031 831 1075 in
874 1043 1028 1090 panno
1073 1030 1222 1089 possit
1265 1028 1446 1088 induci,
1493 1041 1584 1087 quo
1623 1027 1744 1073 facto

150 1101 301 1162 spleni
330 1100 533 1162 adpones
568 1106 614 1145 et
644 1099 794 1145 fascea
825 1098 1073 1159 diligenter
1103 1097 1267 1159 ligabis
1292 1102 1338 1143 et
1360 1097 1508 1143 uteris
1533 1102 1627 1142 tam
1652 1096 1745 1159 diu,

151 1171 299 1218 donec
335 1184 420 1231 per
458 1184 506 1215 se
545 1174 845 1215 consumatur
883 1174 929 1214 et
967 1170 1066 1214 sine
1105 1167 1269 1214 balneo
1309 1165 1645 1226 abstergeatur.

87 1254 129 1286 15
290 1240 357 1286 Ad
390 1239 564 1300 splenis
595 1238 802 1284 dolorem
830 1239 1208 1297 expertissimum
1232 1236 1491 1282 remedium
1515 1237 1604 1282 sic:
1636 1234 1743 1281 Car·
1779 1240 1828 1277 19

151 1310 367 1371 damomi,
395 1308 620 1371 pyrethri,
652 1308 991 1369 sinapis,lturis
1019 1306 1226 1368 masculi,
1251 1306 1514 1366 aphronitri
1537 1303 1747 1365 aequalia

151 1379 357 1441 pondera
388 1378 444 1424 de
477 1377 672 1437 singulis
703 1376 950 1437 speciebus
982 1376 1242 1423 contundes
1274 1384 1320 1421 et
1344 1389 1518 1436 coques
1542 1376 1590 1420 in
1614 1379 1745 1420 aceto

152 1449 363 1495 scillitico
381 1454 434 1507 ‘et
458 1450 505 1494 in
529 1461 675 1494 unum
697 1446 917 1493 miscebis
948 1446 1211 1509 locumque,
1242 1447 1318 1492 cui
1348 1445 1638 1490 medicamen
1669 1443 1745 1489 ad-

151 1533 311 1580 pones,
334 1518 627 1579 frequentius
652 1515 916 1577 detergebis
941 1522 987 1562 et
1003 1516 1267 1576 adpositum
1284 1528 1418 1560 mane
1436 1513 1745 1560 medicamen-

87 1602 128 1634 20
152 1596 251 1635 tum
274 1590 322 1634 in
344 1588 506 1634 horam
530 1587 774 1646 septimam
800 1600 902 1632 esse
927 1587 1141 1648 patieris3
1165 1590 1326 1645 postea
1352 1597 1472 1645 eum,
1498 1585 1576 1630 cui
1592 1582 1747 1629 mede-

151 1658 277 1715 bere,
293 1657 350 1704 ad
366 1656 571 1703 balineas
587 1657 655 1702 ire
672 1657 933 1716 praecipies
947 1661 1085 1716 atque
1103 1657 1152 1701 in
1169 1654 1315 1701 calida
1332 1653 1412 1699 diu
1427 1654 1572 1699 foveri
1590 1653 1745 1699 facies.

290 1727 358 1773 Ad
391 1726 599 1788 splenem
629 1726 889 1772 remedium
918 1726 1091 1771 mirum
1122 1726 1209 1771 sic:
1247 1723 1371 1770 Picis
1403 1723 1547 1769 durae
1572 1724 1746 1783 optime
1778 1727 1832 1764 20

152 1798 289 1844 tritae
332 1822 387 1829 —
422 1795 442 1841 I
481 1802 527 1842 et
564 1797 682 1842 costi
718 1797 818 1842 triti
862 1820 918 1826 —
953 1794 994 1840 II
1037 1793 1344 1855 permiscebis
1383 1799 1428 1838 et
1467 1807 1524 1838 ex
1561 1807 1615 1838 eo
1655 1793 1746 1837 sin-

154 1866 284 1927 gulas
327 1867 542 1927 potiones
588 1879 642 1910 ex
690 1866 793 1910 vino
838 1870 996 1911 vetere
1040 1879 1174 1910 mane
1219 1865 1376 1909 ieiuno
1415 1876 1500 1923 per
1536 1861 1747 1908 triduum

90 1950 130 1982 25
155 1935 299 1998 dabis,
335 1937 400 1982 ita
436 1940 488 1981 ut
525 1935 573 1980 in
611 1935 801 1980 sinistro
839 1934 982 1980 latere
1021 1935 1102 1995 qui
1139 1934 1308 1994 accipit
1346 1932 1426 1978 diu
1464 1933 1625 1978 iaceat.

294 2004 362 2051 Ad
402 2003 576 2065 splenis
614 2003 821 2049 dolorem
859 2003 1119 2050 remedium
1157 2003 1319 2049 efficax
1358 2003 1445 2048 sic:
1484 2000 1649 2063 Gallas,
1687 2000 1744 2046 de
1779 2006 1832 2043 21

156 2075 326 2136 quibus
371 2078 645 2120 encaustum
690 2073 762 2135 fit,
809 2079 1005 2134 quantas
1049 2072 1251 2119 volueris
1294 2085 1416 2132 pone
1462 2085 1604 2132 super
1649 2084 1749 2116 car-

154 2145 300 2191 bones
338 2145 465 2189 vivos
504 2148 550 2189 et
588 2156 757 2188 exures
794 2156 887 2188 non
924 2143 1081 2205 nimie,
1119 2144 1182 2188 ita
1219 2148 1271 2188 ut
1301 2141 1541 2203 pulverem
1572 2139 1630 2186 de
1660 2139 1749 2202 his,

155 2216 203 2260 in
238 2228 333 2275 quo
371 2214 431 2259 sit
470 2212 637 2274 aliquis
676 2226 813 2273 sapor
850 2211 1095 2274 gallarum,
1141 2212 1294 2258 facere
1332 2212 1506 2273 possis3
1554 2209 1610 2255 de
1657 2223 1749 2270 quo

92 2298 132 2330 30
156 2283 346 2346 pulvere
393 2283 565 2344 optime
606 2283 717 2328 trito
757 2281 966 2327 cocleare
1003 2281 1192 2342 plenum
1230 2282 1387 2327 mittes
1425 2281 1472 2325 in
1510 2280 1750 2339 potionem

156 2355 251 2400 vini
286 2352 591 2399 vetustissimi
629 2357 674 2397 et
710 2357 912 2412 potetur.

296 2422 433 2469 Ebuli
464 2423 650 2468 contusi
681 2435 844 2466 sucum
878 2420 1103 2467 coclearia
1135 2421 1223 2466 tria
1255 2434 1309 2465 ex
1333 2420 1430 2464 vini
1452 2420 1624 2465 veteris
1649 2432 1749 2479 cya-
1781 2423 1834 2459 22

158 2492 252 2538 this
281 2491 432 2538 tribus
463 2505 548 2551 per
578 2491 786 2537 triduum
819 2490 874 2536 da
899 2490 1076 2536 lienoso
1100 2489 1368 2547 bibendum,
1398 2490 1462 2535 ita
1486 2494 1538 2535 ut
1562 2487 1751 2534 ebulum

162 2575 345 2622 semper
375 2575 535 2607 secum
564 2561 731 2607 habeat
759 2562 838 2621 qui
862 2560 1120 2606 remedium
1145 2560 1313 2620 accipit
1336 2573 1422 2604 nec
1447 2565 1572 2604 terra
1596 2559 1751 2618 ipsum

96 2645 137 2677 35
161 2630 347 2677 ebulum
386 2631 619 2676 ferrumve
658 2635 827 2690 tangat.

304 2781 354 2818 13
384 2777 544 2830 fascea,
576 2778 637 2820 sic
666 2777 704 2818 h.
738 2778 764 2819 l.
800 2775 1049 2819 Gor-narius.
