1930 3008
755 78 1132 130 —311—

150 213 308 259 ieiuno
338 224 423 272 per
452 209 662 257 triduum
685 207 830 271 dabis»,
861 207 1114 255 efficaciter
1137 207 1412 269 proderunt.
1458 207 1743 269 Sanguinem

149 280 378 343 anguillae
423 294 530 326 cum
568 278 749 325 rubello
786 279 892 324 vino
931 277 1364 338 duplicimensura
1402 279 1658 339 coniunges
1697 284 1745 325 et

148 365 207 398 ex
244 364 362 412 aqua
400 349 556 411 tepida
592 350 789 395 mixtum
823 347 970 395 colico
1001 349 1158 394 ieiuno
1190 347 1322 394 dabis
1352 347 1623 411 bibendum,
1661 348 1745 395 sed

147 419 238 468 sub
276 419 436 467 dolore
473 419 575 466 dari
611 425 815 481 oportet3
852 432 959 465 nam
997 424 1044 464 et
1080 431 1303 479 praesens
1333 417 1593 464 remedium
1625 418 1746 465 seret

107 503 130 536 15
153 496 199 538 et
236 492 285 537 in
324 491 534 537 futurum
570 487 734 535 morbo
773 487 1043 535 huiusmodi
1078 486 1308 534 liberabit.

85 853 127 884 10

86 1201 127 1231 15

85 1550 128 1580 20

87 1897 128 1927 25

86 2245 129 2276 30

293 560 343 606 Si
372 560 595 606 adversus
626 558 779 605 colum
810 560 910 605 viro
940 557 1199 605 remedium
1226 572 1344 619 opus
1368 559 1471 620 erit,
1502 558 1559 604 de
1585 560 1744 621 ariete,

152 645 291 692 quem
343 628 484 691 lupus
535 628 782 691 occiderit,
835 627 1071 675 fasciolam
1116 642 1236 689 puer
1280 627 1469 689 inpubis
1517 628 1655 675 faciat
1699 636 1747 676 et

150 700 258 747 inde
301 701 453 746 virum
498 698 553 744 ad
599 712 771 759 corpus
815 700 1045 760 accingat3
1091 699 1132 744 si
1175 712 1285 744 vero
1330 697 1518 744 mulieri
1558 698 1746 745 meden-

150 770 261 816 dum
298 770 409 831 erit,
455 767 672 814 similiter
710 767 766 813 de
805 782 911 830 ove,
956 782 1094 828 quam
1132 767 1271 828 lupus
1309 768 1554 830 occiderit,
1591 767 1748 829 puella

150 841 279 899 virgo
317 837 557 899 cingulum
594 838 732 884 faciat
775 843 822 884 et
857 836 1103 883 mulierem
1140 838 1265 884 circa
1303 851 1474 899 corpus
1513 839 1744 902 accingat3

148 909 401 955 efficaciter
436 907 645 968 prodest.

288 977 459 1039 Lepori
502 978 604 1023 vivo
652 976 797 1023 talum
849 975 1093 1023 abstrahes
1141 976 1352 1038 pilosque
1402 977 1503 1023 eius
1552 976 1609 1023 de
1657 976 1745 1024 sub

149 1054 310 1095 ventre
355 1047 490 1094 tolles
535 1053 674 1108 atque
718 1048 873 1107 ipsum
918 1048 1073 1093 vivum
1119 1047 1347 1110 dimittes3
1400 1046 1457 1093 de
1501 1046 1593 1093 illis
1638 1047 1745 1108 pilis

150 1118 222 1165 vel
258 1117 361 1163 lana
397 1117 526 1163 filum
563 1116 765 1163 validum
802 1117 944 1162 facies
983 1122 1030 1162 et
1066 1130 1122 1162 ex
1161 1131 1215 1162 eo
1253 1116 1398 1163 talum
1431 1116 1605 1178 leporis
1636 1131 1745 1163 con-

150 1187 315 1248 ligabis
345 1201 611 1247 corpusque
641 1185 896 1233 laborantis
926 1188 1213 1248 praecinges,
1244 1188 1363 1232 miro
1395 1187 1603 1233 remedio
1639 1186 1747 1233 sub-

149 1259 321 1304 venies.
379 1255 628 1303 Efficacius
665 1262 821 1302 tamen
858 1257 948 1302 erit
983 1255 1257 1318 remedium,
1295 1258 1357 1302 ita
1388 1263 1440 1303 ut
1469 1256 1747 1304 incredibile

151 1329 232 1391 sit,
278 1328 319 1373 si
363 1341 474 1372 casu
519 1341 570 1372 os
614 1327 790 1388 ipsum,
834 1325 881 1371 id
919 1332 991 1372 est
1027 1325 1172 1372 talum
1210 1325 1405 1389 leporis,
1449 1328 1498 1373 in
1536 1332 1747 1374 stercore

149 1397 248 1458 lupi
291 1397 547 1459 inveneris,
592 1395 715 1456 quod
759 1397 824 1441 ita
869 1394 1106 1442 custodire
1152 1395 1314 1458 debes,
1359 1410 1418 1442 ne
1455 1402 1536 1443 aut
1572 1403 1748 1444 terram

151 1473 309 1527 tangat
346 1471 433 1512 aut·
462 1480 487 1511 a
525 1465 719 1512 muliere
759 1466 1078 1527 contingatur3
1123 1465 1205 1512 sed
1243 1480 1330 1512 nec
1368 1465 1498 1512 filum
1535 1465 1651 1514 illud
1689 1467 1747 1514 de

152 1536 254 1583 lana
297 1536 470 1597 leporis
515 1535 690 1582 factum
738 1533 878 1581 debet
925 1534 1094 1581 mulier
1145 1535 1237 1581 ulla
1286 1537 1572 1597 contingere.
1647 1536 1747 1583 Hoc

150 1612 306 1652 autem
349 1605 608 1651 remedium
653 1619 760 1651 cum
798 1606 881 1650 uni
916 1605 1167 1667 profuerit,
1210 1605 1266 1651 ad
1305 1605 1418 1652 alios
1455 1605 1748 1670 translatum,

150 1690 258 1722 cum
295 1674 499 1722 volueris
530 1680 578 1721 et
608 1676 826 1735 quotiens
857 1674 1073 1736 volueris,
1111 1675 1343 1738 proderit3
1381 1675 1510 1722 filum
1545 1691 1747 1740 quoque,

151 1745 275 1806 quod
327 1759 383 1791 ex
427 1744 531 1790 lana
574 1744 646 1791 vel
695 1744 822 1805 pilis,
875 1758 991 1804 quos
1037 1744 1094 1791 de
1138 1752 1301 1791 ventre
1348 1744 1522 1807 leporis
1567 1746 1747 1810 tuleris,

151 1814 278 1861 solus
316 1829 464 1875 purus
504 1820 550 1860 et
579 1814 757 1860 nitidus
787 1814 952 1876 facies3
992 1815 1115 1875 quod
1147 1816 1187 1860 si
1216 1816 1280 1861 ita
1310 1817 1464 1861 ventri
1493 1815 1748 1863 laborantis

154 1883 479 1945 subligaveris,
523 1883 779 1944 plurimum
814 1883 1047 1946 proderit,
1093 1890 1145 1931 ut
1183 1884 1363 1931 sublata
1399 1884 1502 1931 lana
1539 1886 1749 1947 leporem

152 1955 308 2000 vivum
338 1953 546 1999 dimittas
577 1959 625 1999 et
655 1953 781 1999 dicas
813 1955 869 2014 ei,
907 1953 1018 1999 dum
1050 1954 1246 2000 dimittis
1278 1969 1405 2002 eum:
1443 1954 1585 2018 Fuge,
1623 1956 1746 2019 fuge,

150 2023 404 2085 lepuscule,
446 2029 493 2069 et
529 2029 686 2070 tecum
723 2023 855 2069 aufer
893 2023 984 2069 coli
1021 2023 1241 2071 dolorem.

290 2092 488 2139 Euforbi
531 2092 768 2153 dragmam
813 2093 998 2153 rediges
1042 2095 1090 2139 in
1135 2095 1463 2140 tenuissimum
1506 2094 1747 2155 pulverem

152 2169 198 2208 et
242 2176 298 2208 ex
344 2177 398 2208 eo
443 2170 601 2223 partes
646 2163 760 2209 duas
805 2162 968 2225 facieS,
1020 2177 1161 2209 unam
1213 2178 1318 2210 cum
1365 2179 1450 2210 ovo
1495 2166 1747 2211 semicocto

153 2233 308 2278 ieiuno
340 2231 486 2279 colico
518 2232 663 2294 dabis,
694 2231 884 2279 alteram
916 2234 1056 2279 tertio
1089 2233 1163 2279 die
1194 2233 1410 2280 similiter
1435 2233 1598 2297 facies3
1629 2235 1748 2281 mire

152 2316 205 2349 ac
245 2303 345 2348 sine
383 2303 664 2362 repetitione
703 2301 973 2348 emendabis
1011 2302 1101 2349 coli
1138 2302 1359 2350 dolorem.

293 2371 563 2433 Conpositio
602 2371 775 2418 colicae
812 2373 1054 2432 primaria:
1091 2371 1235 2419 Nardi
1271 2373 1382 2435 folii,
1421 2375 1576 2434 spicae
1615 2374 1749 2421 nardi

155 2439 321 2504 Indici,
359 2443 548 2504 amomi,
585 2443 762 2503 piperis
801 2441 912 2504 albi,
955 2443 1381 2504 costi,.papaveris,
1418 2443 1558 2490 lentis
1596 2443 1748 2505 Syria-

156 2523 236 2555 cae
260 2513 421 2557 uncias
445 2511 665 2575 singulas,
694 2526 892 2574 myrrae,
923 2511 1187 2575 zingiberis,
1215 2515 1335 2559 asari
1358 2512 1541 2560 Pontici
1564 2528 1749 2560 semun-

296 2620 320 2657 2
354 2629 451 2658 com
479 2617 661 2660 robello.
756 2621 783 2658 4
814 2619 990 2672 oportit.
1080 2623 1104 2661 5
1134 2619 1354 2662 liberauit.
1444 2624 1494 2662 13
1528 2619 1748 2663 domities,

159 2674 210 2712 18
248 2670 386 2713 debis.
559 2678 613 2715 24
649 2674 853 2716 nititidus
892 2676 1003 2728 (sic).
1187 2680 1239 2717 26
1279 2674 1483 2731 dimittis]
1531 2675 1748 2719 dimittas.

156 2731 209 2768 32
239 2726 348 2769 folia.
378 2727 627 2772 Gornarius.

1773 217 1828 255 33

1775 567 1831 605 34

1776 986 1831 1026 35

1777 2106 1832 2144 36

1777 2385 1832 2423 37
