1898 3016
823 104 1207 155 -98—‘

191 232 316 277 ferro
354 231 444 277 hoc
482 230 680 293 pastillo,
718 233 800 292 qui
837 233 1084 279 conficitur
1122 234 1209 280 sic:
1247 232 1475 281 Aluminis
1512 236 1611 282 fissi
1648 235 1695 282 P.
1734 235 1790 298 11,

190 302 425 362 aeruginis
466 301 515 347 P.
546 300 608 362 11,
648 302 785 347 misui
822 303 918 348 usti
955 302 1003 348 P.
1035 302 1098 364 ΙΙ,
1137 299 1360 364 rubricae}
1391 303 1627 366 Sinopidis
1657 305 1705 351 P.
1736 305 1792 365 11,

190 372 390 431 gummis
414 370 463 417 P.
488 370 521 417 I.
581 370 819 417 Teruntur
849 373 1032 432 species
1064 374 1244 432 priores
1268 387 1323 419 ex
1347 381 1477 420 aceto
1501 376 1611 436 acri,
1642 375 1791 421 donec

191 442 326 502 quasi
356 439 542 502 collyrii
573 441 803 487 confectio
834 440 959 487 leves
991 442 1123 504 flant3
1153 442 1368 489 ultimum
1393 446 1568 503 gummi
1591 444 1791 491 adicitur

191 518 238 556 et
275 511 518 571 finguntur
555 510 739 572 pastilli,
777 513 858 571 qui
895 511 950 556 ad
989 514 1142 558 omnia
1178 513 1334 559 ulcera
1365 513 1542 560 faciunt
1571 529 1688 575 aqua
1720 514 1787 560 di·
1813 527 1832 558 5

189 580 276 626 luti
310 579 550 641 emplastri
588 594 717 626 more
747 582 953 643 inpositi,
993 596 1098 628 cum
1131 588 1211 628 aut
1239 588 1449 629 tumores
1480 584 1793 644 conpescendi

191 656 300 696 sunt
351 656 431 696 aut
483 651 727 696 cicatrices
781 650 1039 713 sedandae;
1097 651 1176 697 sed
1226 653 1546 713 aquatioribus
1598 653 1670 699 his
1722 655 1793 699 uti

191 725 420 782 oportet„
448 734 555 766 cum
601 721 791 765 cicatrix
842 720 1051 766 ducenda
1092 728 1182 784 est,
1235 730 1286 768 ut
1330 722 1510 768 facilius
1556 722 1791 769 auriculae

191 790 474 836 inserantur.
533 788 658 835 Bene
697 790 874 836 faciunt
910 790 1034 836 idem
1074 797 1120 837 et
1157 791 1210 837 ad
1246 805 1383 838 nares
1415 792 1623 853 qualibet
1654 807 1791 839 causa

106 869 159 906 39
192 859 482 906 exulceratas
521 869 566 905 et
603 861 806 919 graviter
844 860 1035 907 olentes.
1094 863 1299 907 Araneas
1336 863 1543 908 viventes
1580 863 1630 908 in
1660 868 1791 908 aceto
1815 878 1856 908 10

190 929 450 975 macerabis
489 937 536 975 et
574 932 640 975 sic
679 937 896 976 conteres
933 936 1072 991 atque
1110 931 1217 977 inde
1255 945 1414 978 aurem
1455 931 1598 993 elues,
1637 934 1791 978 statim

106 1008 159 1046 40
190 999 414 1060 proderit.
478 998 583 1062 Mel,
623 999 841 1060 butyrum
881 1007 926 1046 et
964 1000 1116 1047 oleum
1155 1015 1399 1047 rosaceum
1437 1003 1537 1062 pari
1573 1016 1791 1048 mensura

106 1078 158 1114 41
191 1069 423 1129 permisce
470 1084 523 1115 ac
563 1068 772 1129 tepidum
819 1070 1054 1116 auriculae
1100 1069 1275 1116 dolenti
1322 1071 1529 1117 infunde.
1602 1070 1682 1117 Fel
1721 1086 1792 1118 ca-

191 1153 395 1199 prunum
450 1145 495 1185 et
548 1138 702 1184 oleum
754 1139 1093 1200 amygdalinum
1146 1142 1246 1201 pari
1299 1155 1517 1187 mensura
1562 1143 1792 1202 permisce

106 1217 158 1254 42
190 1208 495 1268 tepidumque
539 1207 766 1254 laboranti
812 1209 1046 1255 auriculae
1088 1209 1274 1256 instilla.
1346 1209 1568 1256 Putorem
1607 1211 1786 1257 sordes-
1811 1225 1850 1256 15

192 1292 282 1339 que
336 1277 572 1324 auriculae
624 1280 798 1338 optime
851 1286 985 1325 curat
1029 1279 1302 1325 cucurbitae
1348 1280 1512 1326 viridis
1557 1295 1699 1326 sucus
1745 1288 1792 1327 et

105 1357 159 1394 43
191 1362 362 1408 porrus
415 1350 646 1408 capitatus
698 1363 803 1394 cum
853 1348 954 1394 oleo
1000 1349 1223 1395 decoctus
1268 1356 1407 1411 atque
1452 1350 1648 1396 infusus.
1721 1350 1790 1396 Ad

192 1418 428 1464 auriculae
466 1418 673 1464 dolorem
712 1417 921 1464 hastulae
958 1421 1113 1480 regiae
1144 1419 1314 1465 radicis
1346 1434 1487 1466 sucus
1519 1435 1625 1466 cum
1657 1420 1790 1466 melle

191 1487 263 1534 vel
308 1489 414 1533 vino
460 1487 745 1549 infunditur,
791 1488 1027 1534 interdum
1072 1489 1320 1535 admisceri
1365 1497 1549 1550 oportet
1587 1491 1706 1536 turis
1745 1498 1791 1536 et

191 1571 374 1619 myrrae
434 1565 614 1618 partem
667 1558 739 1604 vel
791 1560 1003 1619 capparis
1056 1558 1272 1604 foliorum
1326 1574 1490 1606 sucum
1541 1559 1789 1606 infundere
1814 1575 1855 1605 20

191 1626 266 1673 vel
318 1633 450 1673 rutae
505 1642 670 1673 sucum
723 1634 801 1674 aut
854 1630 955 1674 eius
1011 1643 1170 1674 semen
1222 1630 1385 1674 tritum
1439 1644 1545 1675 cum
1594 1644 1698 1675 rosa
1746 1636 1792 1675 et

191 1696 379 1743 lentisci
415 1712 581 1743 sucum
620 1712 725 1744 cum
765 1712 868 1743 rosa
907 1698 1195 1759 amygdalino
1232 1701 1336 1744 vino
1369 1699 1571 1744 admixto
1610 1699 1793 1745 infundi

106 1775 161 1812 44
193 1773 391 1828 oportet.
466 1766 515 1813 Si
559 1782 647 1828 pus
685 1774 765 1813 aut
802 1769 954 1813 sanies
991 1767 1197 1814 manabit
1234 1783 1289 1814 ex
1327 1783 1460 1830 aure,
1506 1769 1679 1814 malvae
1717 1783 1792 1815 su-

192 1851 300 1884 cum
344 1838 450 1883 vino
497 1837 784 1898 amygdalino
830 1839 1077 1884 inmixtum
1122 1837 1194 1883 vel
1238 1852 1351 1884 suco
1396 1853 1529 1884 rosae
1575 1838 1647 1884 vel
1690 1838 1791 1884 oleo

193 1921 385 1952 rosaceo
437 1907 722 1968 tepefactum
773 1907 989 1953 instillari
1039 1914 1245 1970 oportet,
1305 1910 1521 1969 protinus
1574 1909 1790 1954 effectum
1814 1923 1855 1955 25

110 1986 162 2022 45
196 1975 448 2022 exhibebit.
523 1976 808 2023 Draconteae
847 1991 990 2023 sucus
1028 1984 1107 2024 aut
1145 1992 1303 2023 semen
1340 1979 1504 2024 tritum
1542 1993 1649 2024 cum
1687 1993 1792 2024 rosa

194 2052 274 2092 aut
323 2046 611 2107 amygdalino
665 2048 771 2092 vino
817 2047 1022 2093 infusum
1067 2047 1341 2108 purulentae
1386 2047 1621 2093 auriculae
1673 2049 1791 2093 sani-

108 2124 161 2162 46
196 2122 338 2162 tatem
386 2118 706 2162 maturrimam
758 2123 975 2177 praestat.
1049 2116 1248 2163 Crocum
1298 2118 1461 2163 tritum
1514 2132 1620 2163 cum
1673 2116 1790 2163 lacte

193 2185 411 2232 muliebri
463 2187 503 2232 si
550 2186 824 2249 instilletur,
875 2189 1048 2232 tumori
1099 2188 1226 2233 auris
1278 2186 1530 2247 plurimum
1586 2187 1790 2247 prodest.

108 2265 160 2301 47
194 2254 433 2316 Hysopum
479 2263 728 2303 contusum
774 2263 820 2302 et
864 2256 1119 2302 cribratum
1165 2271 1271 2302 cum
1317 2263 1446 2302 aceto
1492 2263 1538 2302 et
1582 2258 1704 2302 nitro
1744 2263 1791 2303 et
1813 2272 1854 2302 30

193 2324 327 2371 melle
371 2325 581 2372 infusum
624 2325 745 2372 bene
800 2327 908 2372 facit
960 2326 1015 2372 ad
1063 2327 1258 2372 tinnitus
1301 2327 1481 2372 aurium
1529 2334 1667 2387 atque
1720 2327 1786 2372 in—

193 2395 425 2456 ssationeS,
468 2396 548 2441 sed
587 2395 754 2442 melius
793 2397 831 2441 si
870 2397 1111 2456 cyprinum
1151 2395 1303 2441 oleum
1341 2395 1596 2441 admixtum
1634 2395 1788 2442 fuerit.

108 2473 161 2510 48
193 2465 259 2509 Ad
299 2471 508 2511 tumores
547 2472 591 2512 et
630 2467 684 2511 ad
724 2465 908 2511 dolores
945 2467 1070 2511 aurIs
1108 2465 1298 2525 prodest
1336 2467 1462 2511 croci
1500 2471 1545 2511 et
1583 2467 1675 2526 opii
1706 2480 1790 2526 par

109 2542 160 2579 49
193 2534 377 2594 pondus
415 2549 471 2580 ex
509 2550 626 2595 aqua
665 2537 828 2581 tritum
867 2542 947 2581 aut
983 2549 1038 2580 ex
1078 2537 1182 2580 vino
1221 2537 1350 2581 tenui
1387 2535 1608 2581 infusum.
1668 2534 1787 2596 Opo-

306 2644 329 2679 2
361 2639 502 2681 rubici
534 2641 769 2683 senobidis.
857 2646 880 2682 5
911 2641 1104 2694 pastelli.
1192 2645 1217 2682 8
1248 2641 1425 2693 oportit.
1510 2646 1533 2682 9
1558 2641 1785 2683 inferatur.

195 2699 245 2736 12
277 2708 504 2737 rosaceum
534 2701 612 2738 Im
641 2697 858 2738 rosecium
889 2701 985 2740 2m.
1111 2702 1160 2738 13
1194 2709 1432 2750 caprunum
1465 2701 1540 2738 1m
1569 2710 1785 2749 aprunum

191 2753 285 2792 2m.
376 2756 425 2793 17
459 2753 599 2794 astlae
630 2752 770 2806 rigiae
800 2751 982 2794 radices.
1069 2756 1124 2794 34
1152 2753 1345 2794 infusum
1374 2753 1556 2806 prodest
1582 2754 1784 2806 (repetit).
