1930 3008
835 84 1208 134 -286—

223 210 377 258 voluta
414 224 567 271 panno
605 210 749 257 rubro
787 217 970 271 portata
1006 210 1063 257 ab
1102 225 1177 274 eo,
1215 213 1292 258 cui
1330 213 1535 260 remedio
1573 227 1691 275 opus
1729 219 1816 277 est,

136 289 188 328 88
220 279 501 342 profluvium
539 281 718 326 ventris
757 281 857 327 eius
894 279 1138 327 inhibebit.
1210 280 1351 327 Betae
1389 282 1644 330 conbustae
1682 288 1730 329 et
1765 285 1815 329 in

219 350 462 411 pulverem
498 350 715 396 redactae
753 355 892 411 atque
931 349 1150 396 subactae
1189 365 1295 397 cum
1330 357 1460 398 aceto
1492 358 1538 398 et
1568 366 1593 398 a
1622 358 1814 414 pectore

219 419 474 466 laborantis
518 421 765 480 inguinum
807 425 946 465 tenus
990 418 1148 465 inlitae
1193 419 1474 467 validissime
1518 421 1816 482 adstringunt

136 499 187 537 89
218 489 498 550 profluvium
522 489 924 550 deiectionemque
948 490 1135 534 ventris
1184 488 1278 536 Ros
1301 492 1534 537 marinum
1557 506 1663 537 cum
1687 498 1815 538 creta
1835 501 1860 533 5

220 558 347 605 molli
389 560 554 605 tritum
600 564 647 604 et
690 573 797 604 cum
842 563 972 604 aceto
1017 558 1200 604 modico
1243 561 1396 606 ventri
1432 561 1689 621 inpositum
1726 560 1816 607 alvi

135 639 188 676 90
218 627 501 689 profluvium
547 629 684 674 sistit.
750 627 874 675 Rubi
918 629 1078 688 spinae
1122 628 1305 674 radices
1350 634 1397 676 et
1441 629 1627 676 coliculi
1662 632 1815 677 teneri

219 712 326 744 cum
370 699 476 743 vino
521 698 716 744 Amineo
761 704 948 743 austero
995 697 1051 744 ad
1095 699 1257 744 tertias
1302 698 1632 759 decoquuntur
1675 706 1814 760 atque

220 782 276 814 ex
314 781 368 813 eo
406 768 514 813 vino
553 766 746 828 cyathus
783 767 840 813 ad
879 767 1001 813 diem
1035 768 1193 814 ieiuno
1224 770 1401 814 ventris
1431 768 1660 830 profluvio
1689 768 1814 815 labo-

219 838 342 883 ranti
378 838 511 897 potui
548 836 684 883 datus
722 838 895 896 optime
933 836 1210 883 medebitur.
1837 848 1880 878 10

134 917 183 954 91
358 905 514 952 Herba
552 905 850 967 oxylapathos
889 921 995 952 cum
1035 908 1211 952 semine
1250 921 1334 953 suo
1372 907 1500 954 arida
1531 909 1732 954 contrita
1769 914 1816 954 et

218 990 274 1022 ex
319 977 426 1022 vino
473 974 620 1021 calido
666 982 773 1036 pota
810 990 1029 1036 magnum
1066 977 1432 1022 incontinentiae
1469 978 1646 1023 ventris
1682 991 1815 1038 prae-

133 1056 185 1093 92
219 1051 310 1092 stat
353 1045 627 1092 remedium.
693 1045 840 1091 Pruni
885 1045 1081 1091 silvatici
1121 1045 1258 1092 bacas
1297 1047 1615 1107 corticemque
1652 1060 1706 1093 ac
1742 1060 1813 1092 ra-

218 1115 370 1161 dicem
415 1116 518 1161 eius
556 1114 737 1160 arboris
774 1116 823 1160 in
860 1129 1008 1160 unum
1045 1129 1102 1160 ex
1138 1116 1245 1160 vino
1285 1115 1341 1160 ad
1379 1117 1541 1162 tertias
1579 1115 1814 1177 decoques

217 1191 357 1245 atque
404 1198 459 1230 ex
504 1197 558 1230 eo
604 1183 812 1246 singulos
857 1184 1047 1244 cyathos
1091 1184 1148 1230 ad
1189 1184 1313 1230 diem
1351 1184 1624 1231 deiectionis
1660 1185 1814 1232 taedio
1838 1195 1879 1227 15

133 1263 186 1300 93
220 1253 451 1300 laboranti
495 1254 652 1299 ieiuno
697 1254 830 1313 potui
874 1253 1019 1300 dabis.
1085 1253 1173 1299 Iris
1217 1253 1418 1315 Illyrica,
1462 1254 1510 1301 id
1556 1260 1626 1300 est
1666 1254 1814 1301 Mace-

218 1324 397 1385 donica,
436 1337 555 1384 quae
593 1323 736 1370 fuerit
772 1324 1035 1383 gravissimi
1069 1323 1305 1386 ponderis,
1344 1323 1659 1370 contundatur
1690 1330 1736 1370 et
1765 1325 1815 1370 in

216 1392 458 1453 pulverem
487 1391 743 1439 cribratum
780 1394 1201 1453 tenuissimumque
1232 1393 1472 1454 redigatur
1502 1399 1641 1454 atque
1672 1408 1727 1440 ex
1758 1408 1812 1440 eo

217 1476 437 1509 mensura
483 1461 702 1509 acitabuli
746 1464 886 1509 unius
933 1462 1162 1508 dimidiati
1206 1477 1312 1508 cum
1357 1465 1484 1524 passi
1528 1462 1676 1525 cotyla
1722 1477 1813 1509 una

214 1533 556 1592 permisceatur
602 1538 649 1578 et
686 1533 945 1592 coagitetur
983 1538 1121 1593 atque
1159 1532 1267 1578 inde
1307 1532 1516 1579 cocleare
1554 1547 1700 1579 unum
1738 1547 1812 1594 cy·
1836 1543 1877 1573 20

215 1601 332 1648 liaco
377 1616 512 1648 mane
558 1603 715 1648 ieiuno
761 1601 918 1663 detur,
962 1603 1027 1648 ita
1071 1607 1123 1647 ut
1168 1607 1213 1647 et
1268 1616 1293 1647 a
1339 1616 1453 1648 cena
1498 1601 1810 1664 abstineatur3

215 1671 412 1718 mirifice
448 1671 672 1732 proderit.

130 1749 184 1788 94
359 1740 408 1786 Si
450 1742 556 1802 quis
594 1742 821 1787 tortiones
860 1740 1015 1787 subito
1053 1742 1150 1801 pati
1188 1742 1397 1801 coeperit
1435 1741 1499 1794 de.
1529 1742 1705 1787 ventris
1742 1743 1810 1787 ni-

214 1812 424 1873 mietate,
469 1810 613 1871 pedes
659 1825 767 1857 suos
813 1812 861 1856 in
898 1824 1016 1871 aqua
1055 1810 1334 1856 calidissima
1373 1824 1511 1871 quam
1549 1810 1809 1857 diutissime

213 1886 384 1941 teneat,
423 1882 579 1927 statim
617 1880 870 1926 sanabitur.
1833 1890 1874 1921 25

130 1959 183 1997 95
356 1949 638 2010 Sanguinem
688 1964 947 2011 caprunum
993 1950 1033 1995 si
1075 1949 1289 2009 polentae
1334 1947 1596 1995 furfuribus
1633 1948 1810 1996 adiecta

213 2020 370 2065 resina
408 2021 654 2066 miscueris
693 2026 831 2081 atque
870 2018 1110 2080 emplastri
1146 2018 1282 2064 modo
1329 2032 1415 2063 ano
1453 2020 1695 2078 ventrique
1733 2018 1809 2063 ad-

212 2090 450 2151 posueris,
487 2089 672 2150 pondus
710 2103 846 2135 omne
884 2095 931 2136 et
966 2088 1206 2134 libidinem
1244 2087 1518 2134 deiectionis
1556 2087 1808 2133 efficaciter

211 2159 453 2219 reprimes.

128 2237 181 2275 96
352 2227 488 2274 Iecur
532 2229 770 2274 verrinum
816 2241 982 2273 recens
1028 2227 1310 2274 conbustum
1355 2227 1700 2286 contritumque
1750 2225 1805 2271 ad
1828 2241 1870 2270 30

213 2311 442 2343 summam
487 2297 720 2344 levitatem
765 2312 872 2344 cum
916 2297 1169 2359 vino‚,sed
1210 2298 1310 2342 sine
1349 2295 1441 2342 sale
1478 2296 1611 2355 potui
1648 2295 1805 2342 datum

212 2367 465 2413 efficaciter
503 2367 764 2428 subprimet
801 2368 990 2413 nimiam
1028 2366 1347 2412 deiectionem.

128 2446 180 2483 97
354 2435 548 2498 Leporis
580 2439 766 2497 sanguis
796 2450 963 2482 recens
994 2436 1186 2482 defnsus
1217 2441 1263 2480 et
1294 2448 1399 2480 cum
1429 2432 1614 2494 polenta
1642 2438 1804 2480 coctus

127 2516 180 2554 98
212 2510 258 2551 et
303 2505 440 2553 datus
486 2507 768 2568 dysinterico
811 2506 917 2552 ilico
958 2507 1132 2551 ventris
1169 2503 1447 2565 profluvium
1487 2504 1633 2549 sistet.
1698 2502 1802 2548 Hir-

353 2672 373 2707 1
408 2667 549 2710 robro.
667 2671 719 2709 10
748 2667 999 2709 medibitur.
1097 2670 1144 2707 11
1179 2665 1471 2718 oxilapathos.
1563 2669 1612 2706 16
1642 2662 1799 2706 ilirica.

211 2727 262 2764 19
294 2722 446 2764 acitali
477 2725 583 2776 (sic).
701 2722 849 2765 cotila.
964 2726 1016 2763 26
1046 2720 1385 2773 furfuribusque.
