1898 3016
799 133 863 139 —
940 102 1183 154 254—

198 229 236 276 X
268 229 403 276 XXV.
459 230 605 277 Datur
644 239 869 293 quantum
907 231 1037 277 fabae
1075 230 1344 292 magnitudo
1384 237 1455 277 est
1483 231 1791 293 Aegyptiacae

197 315 252 346 ex
283 300 424 347 mulsi
454 300 618 362 cyatho
647 302 790 347 mixto
816 316 921 348 cum
947 315 1093 362 aquae
1118 300 1296 362 cyathis
1319 300 1515 363 duobus,
1547 301 1627 347 sed
1653 301 1790 347 sebri-

197 369 450 417 citantibus
489 385 544 416 ex
583 385 727 431 aquae
765 370 942 416 mulsae
982 370 1160 431 cyathis
1198 369 1350 416 tribus
1389 370 1488 416 dari
1526 370 1676 417 debet.

337 440 403 486 Ad
449 446 682 487 tumorem
729 447 775 486 et
819 440 1025 486 dolorem
1073 447 1119 486 et
1157 439 1548 486 exulcerationem
1585 441 1790 486 vessicae

195 508 315 556 hene
360 510 470 556 facit
513 524 631 571 aqua
676 516 804 571 pota,
847 511 896 555 in
942 524 1030 571 qua
1077 509 1255 555 serrum
1293 509 1497 555 candens
1535 510 1835 556 demissum⁵

196 585 279 626 est.
336 579 435 626 Hoc
466 574 669 626 tractum
699 586 771 636 est
801 578 857 626 ab
888 580 1022 640 aquis
1053 579 1228 641 calidis,
1260 593 1378 639 quae
1410 585 1520 625 sunt
1549 581 1596 624 in
1623 579 1792 626 Tuscia

195 649 410 712 ferratae,
441 663 558 709 quae
589 650 786 695 mirifice
818 649 1079 695 remediant
1107 650 1313 695 vessicae
1338 650 1459 710 vitia,
1491 648 1614 695 unde
1638 648 1792 710 appel-

194 717 351 765 lantur
388 720 680 781 vessicariae,
718 720 798 780 qui
827 718 958 765 locus
991 718 1222 780 quondam
1262 719 1350 764 fuit
1379 718 1562 764 Mllonis
1594 717 1792 765 Brocchi

194 789 447 851 praetoris,
490 788 692 835 hominis
739 789 1023 852 optimi,ad
1071 789 1540 849 quinquagensimum
1579 788 1635 834 ab
1674 787 1791 835 urbe

193 857 406 918 lapidem.
1814 868 1858 898 ιο

334 928 400 973 Ad
440 935 672 974 tumorem
711 935 758 974 et
788 926 995 974 dolorem
1026 929 1231 974 vessicae
1262 933 1309 973 et
1339 927 1394 973 ad
1426 941 1519 988 eos,
1558 929 1639 988 qui
1670 927 1788 973 diffi-

193 996 344 1043 culter
382 998 566 1043 urinam
602 997 819 1057 reddunt,
858 999 945 1043 sic:
986 997 1162 1044 Alterci
1199 998 1403 1058 seminis,
1442 996 1615 1043 malvae
1654 999 1789 1044 semi-

192 1068 280 1129 niS,
311 1068 577 1113 cucumeris
608 1066 759 1113 edulis
790 1068 982 1113 seminis
1013 1067 1212 1128 purgati,
1245 1066 1535 1127 singulorum
1567 1065 1606 1112 X
1636 1081 1789 1130 senos,

193 1135 538 1197 amygdalorum
585 1136 791 1182 dulcium
837 1142 1166 1197 purgatorum,
1217 1135 1493 1182 nucleorum
1540 1137 1787 1196 pineorum

191 1213 520 1267 purgatorum,
566 1205 857 1266 singulorum
903 1205 943 1251 X
992 1212 1172 1267 ternos,
1220 1206 1297 1266 opi
1341 1204 1380 1251 X
1419 1205 1460 1267 Ι,
1505 1207 1630 1252 croci
1669 1205 1708 1251 X
1738 1204 1788 1253 V.
1811 1215 1852 1246 15

192 1274 335 1321 Passo
374 1281 566 1321 contusa
606 1275 720 1322 haec
759 1277 911 1321 omnia
950 1281 1345 1337 consparguntur,
1391 1275 1528 1321 datur
1568 1274 1657 1321 hoc
1696 1289 1789 1321 me-

193 1345 507 1392 dicamentum
553 1345 608 1391 ad
654 1359 922 1391 mensuram
961 1345 1140 1391 denarii
1177 1347 1317 1391 unius
1356 1359 1410 1391 ex
1448 1345 1575 1406 passi
1611 1344 1788 1406 cyathis

191 1414 375 1461 duobus
414 1423 461 1461 et
497 1429 641 1475 aquae
679 1414 864 1476 tepidae
907 1415 1113 1461 totidem.

331 1485 397 1530 Ad
437 1486 665 1531 vessicam
703 1485 1015 1531 exulceratam
1052 1484 1310 1530 remedium
1348 1483 1523 1531 bonum
1562 1485 1650 1531 sic:
1693 1483 1786 1530 Nu·

191 1553 399 1601 cleorum
430 1555 676 1615 pineorum
709 1560 1013 1615 purgatorum
1045 1554 1084 1599 X
1108 1553 1141 1617 Ι,
1172 1555 1438 1600 cucumeris
1470 1553 1619 1600 edulis
1651 1555 1785 1600 semi·
1810 1564 1851 1594 20

190 1625 263 1670 nis
301 1626 487 1685 purgati
526 1624 756 1686 cyathum,
795 1626 923 1670 anesi
961 1624 1192 1685 cyathum,
1229 1625 1470 1684 papaveris
1509 1625 1631 1684 nigri
1662 1623 1701 1669 X
1731 1623 1786 1686 Il,

191 1696 317 1740 croci
355 1693 486 1756 XII,
531 1693 706 1754 palmas
752 1695 950 1740 cariotas
987 1693 1127 1740 XXX.
1200 1693 1293 1739 Has
1337 1694 1565 1739 macerari
1601 1698 1787 1754 oportet

189 1765 314 1825 passi
351 1762 399 1811 8
447 1763 630 1810 duobus
676 1770 814 1825 atque
861 1766 1064 1826 conteri,
1109 1763 1278 1809 deinde
1322 1763 1395 1809 his
1441 1762 1562 1809 adici
1606 1768 1786 1825 cetera3

190 1848 245 1879 ex
293 1848 347 1880 eo
394 1834 494 1880 dari
538 1835 673 1880 nucis
719 1833 949 1894 iuglandis
994 1832 1363 1894 magnitudinem
1413 1846 1468 1878 ex
1515 1834 1641 1893 passi
1685 1846 1785 1893 cya-

188 1903 282 1949 this
321 1903 486 1951 tribus.
1809 1910 1849 1942 25

329 1973 395 2019 Ad
429 1974 703 2035 sanguinem
735 1987 819 2034 per
850 1975 1033 2020 urinam
1062 1987 1169 2018 cum
1193 1971 1352 2018 dolore
1377 1971 1647 2018 reddentes:
1677 1970 1784 2018 Alu-

187 2044 328 2089 minis
358 2043 458 2088 fissi
487 2042 526 2088 X
550 2043 584 2105 I,
614 2043 903 2103 tragacanthi
935 2042 974 2088 X
998 2042 1029 2088 I.
1084 2041 1454 2103 Tragacanthum
1485 2041 1637 2101 pridie
1668 2055 1785 2101 aqua

187 2120 474 2159 maceratum
520 2113 713 2159 alumini
760 2115 872 2159 trito
919 2112 1167 2158 admisceri
1215 2116 1419 2172 oportet,
1469 2110 1635 2156 deinde
1680 2111 1783 2156 fieri

187 2182 396 2242 pastillos
434 2182 488 2228 ad
529 2183 709 2228 denarii
747 2185 988 2229 semissem
1019 2181 1092 2228 vel
1126 2182 1262 2228 tertia
1294 2180 1521 2242 detracta3
1560 2180 1696 2225 datur
1728 2194 1783 2225 ex

187 2254 313 2312 passi
351 2253 528 2313 cyathis
566 2252 732 2300 tribuS.
1805 2260 1846 2290 30

329 2322 398 2368 Ad
443 2322 700 2369 calculosos
746 2323 973 2383 optimum
1018 2321 1276 2368 remedium
1321 2326 1391 2366 est
1435 2318 1782 2382 scolopendros,

189 2406 325 2453 quam
366 2407 450 2438 nos
489 2392 765 2453 saxifragam
803 2391 1102 2455 appellamus,
1138 2390 1278 2436 huius
1309 2394 1530 2435 contusae
1562 2388 1781 2435 denarius

186 2476 309 2508 unus
347 2477 403 2508 ex
435 2477 580 2523 aquae
613 2462 789 2523 cyathis
819 2461 971 2508 tribus
1002 2476 1087 2522 per
1118 2460 1216 2506 dies
1246 2457 1372 2504 XXX
1403 2458 1551 2504 datur.
1603 2457 1780 2504 Eodem

187 2531 323 2578 modo
341 2532 446 2578 data
462 2532 765 2578 hierobotane
782 2532 986 2594 prodest,
1001 2544 1136 2592 quam
1150 2543 1235 2575 nos
1249 2527 1553 2574 verbenacam
1567 2527 1779 2574 dicimus.

328 2642 352 2679 5
384 2638 624 2692 dimissum,
656 2639 836 2681 correxi.
980 2641 1004 2678 8
1036 2636 1232 2678 condam.
1377 2638 1427 2675 21
1460 2634 1662 2687 cyathus,
1700 2634 1776 2675 bis.

187 2697 237 2735 22
269 2694 442 2746 palmas
474 2695 519 2735 et
550 2693 751 2736 cariotaS.
841 2693 1018 2746 oportit.
1113 2695 1167 2732 24
1196 2689 1518 2744 magnitudine.
1604 2694 1656 2731 28
1687 2689 1778 2730 alu-

185 2748 315 2791 mine.
430 2754 482 2791 29
514 2749 740 2803 pastellus.
850 2753 903 2790 34
932 2747 1239 2801 verbenacam]
1271 2746 1552 2789 vettonicam.
