1930 3008
857 85 1318 164 —3383'

246 250 286 295 si
329 248 462 309 prius
507 247 669 311 facias,
717 253 966 309 antequam
1003 253 1256 295 nascantur
1292 248 1504 311 inguina,
1551 262 1734 295 omnem
1772 249 1844 295 in·

245 319 440 379 guinum
485 318 557 364 vel
602 317 925 379 glandularum
963 317 1221 364 molestiam
1259 316 1551 381 prohibebis,
1590 320 1630 364 si
1666 324 1842 380 postea,

159 398 213 435 20
246 387 452 434 dolorem
488 394 813 449 tumoremque
845 386 1043 434 sedabis,
1104 386 1354 434 Surculum
1386 402 1572 448 quoque
1605 402 1659 434 ex
1690 393 1842 449 myrto

164 467 216 504 21
249 464 376 504 terra
412 463 589 504 tactum
627 459 666 504 si
705 459 810 518 quis
849 463 993 519 gerat,
1031 456 1087 502 ab
1124 456 1395 518 inguinibus
1433 463 1563 504 tutus
1601 458 1703 505 erit.
1769 456 1841 503 ln·

246 527 468 588 guinibus
498 532 716 588 potenter
747 526 1009 588 medebere,
1046 528 1085 572 si
1116 526 1172 573 de
1195 526 1303 573 licio
1329 532 1506 587 septem
1530 526 1676 573 nodos
1699 526 1841 573 facias
1862 539 1884 572 5

251 603 297 643 et
335 597 390 643 ad
431 596 640 657 singulos
677 596 841 643 viduas
878 597 1089 642 nomines
1129 602 1176 642 et
1213 610 1355 658 supra
1391 595 1535 643 talum
1574 598 1676 643 eius
1713 596 1846 658 pedis

250 666 425 727 alliges,
462 668 511 712 in
550 668 684 713 cuius
706 664 853 727 ‘parte
892 672 1032 712 erunt
1067 667 1271 727 inguina.

169 746 220 783 22
395 736 445 782 Si
490 735 546 782 ab
591 736 841 797 equitando
884 742 1045 782 vexata
1083 736 1260 782 suerint
1295 737 1487 796 inguina
1524 742 1604 782 aut
1639 737 1846 782 intertri-

251 807 384 866 gines
422 805 666 868 dolebunt,
705 819 868 866 spuma
906 807 1015 866 equi
1051 805 1292 868 fricentur,
1331 807 1487 852 statim
1523 805 1846 852 remediabun-

168 885 222 922 23
254 881 345 922 tur.
404 875 597 922 Stercus
628 875 818 921 suillum
848 889 954 921 cum
986 874 1087 921 oleo
1117 875 1393 936 perfrictum
1426 881 1472 922 et
1501 878 1549 921 in
1579 881 1699 922 testa
1730 875 1846 922 cale·
1869 887 1911 920 ιο

170 955 220 992 24
256 945 430 992 factum
468 951 515 991 et
550 945 822 1005 inguinibus
858 946 1115 1005 inpositum
1145 945 1399 1006 plurimum
1429 945 1633 1006 prodest.
1688 944 1846 991 Pollex
1927 989 1930 997 ,

256 1017 356 1062 eius
409 1015 562 1077 pedis,
614 1016 663 1060 in
711 1029 802 1075 quo
846 1016 1039 1075 inguina
1083 1020 1242 1076 erunt,
1295 1029 1401 1061 cum
1444 1016 1655 1075 proximo
1702 1014 1846 1075 digito

168 1093 221 1131 25
252 1085 422 1145 ligatus
470 1086 587 1130 mire
633 1084 861 1130 medetur.
929 1083 979 1130 Si
1025 1085 1128 1144 quis
1174 1083 1230 1130 ab
1276 1084 1526 1145 equitando
1573 1090 1652 1130 aut
1689 1084 1847 1130 ambu-

248 1154 384 1200 lando
415 1156 590 1214 inguen
620 1153 852 1214 habuerit,
883 1153 1058 1199 scribat
1087 1154 1135 1199 in
1167 1154 1327 1200 charta
1353 1167 1518 1210 κυστος
1545 1159 1591 1200 et
1615 1153 1669 1200 ad
1695 1154 1847 1200 femur

247 1223 337 1270 sibi
375 1223 544 1284 alliget,
584 1224 676 1269 cito
717 1222 971 1271 sanabitur.
1869 1237 1909 1269 15

163 1302 216 1339 26
389 1293 456 1339 Ad
508 1292 828 1354 condylomata
875 1294 1120 1353 inguinum
1166 1292 1239 1339 vel
1284 1292 1598 1354 quarumlibet
1642 1294 1846 1353 partium

247 1362 543 1409 malicorium
582 1377 690 1408 cum
726 1363 822 1408 vini
860 1363 1023 1423 optimi
1061 1364 1262 1409 sextario
1301 1362 1357 1409 ad
1396 1363 1586 1424 cyathos
1622 1363 1739 1409 duos
1770 1362 1846 1409 de·

249 1438 433 1479 coctum
473 1439 518 1479 et
556 1446 663 1478 cum
702 1432 863 1478 eodem
905 1433 1009 1478 vino
1049 1433 1213 1479 tritum
1250 1438 1390 1494 atque
1427 1439 1481 1479 ut
1509 1433 1734 1493 malagma
1763 1434 1846 1478 im-

165 1511 216 1549 27
250 1504 455 1564 positum
501 1501 819 1563 condylomata
865 1501 983 1548 facta
1027 1507 1257 1563 persanat.
1324 1501 1572 1548 Medullam
1617 1504 1744 1548 canis
1790 1516 1846 1549 ex

250 1574 356 1618 vino
402 1578 559 1618 vetere
612 1571 776 1631 subige
830 1578 876 1617 et
928 1571 1166 1632 emplastri
1216 1571 1353 1618 modo
1399 1574 1586 1632 impone
1632 1571 1912 1634 condylo-ao

165 1651 218 1688 28
249 1643 408 1703 matis,
454 1648 671 1702 potenter
716 1655 768 1687 ea
810 1640 1007 1687 sanabis.
1074 1641 1342 1702 Argimonia
1379 1643 1488 1688 trita
1526 1647 1572 1687 et
1610 1642 1729 1702 adipi
1770 1656 1846 1687 an-

165 1721 218 1758 29
252 1713 433 1758 serinac
465 1711 668 1757 admixta
697 1711 1009 1771 impositaque
1041 1710 1374 1771 condylomatis
1404 1711 1631 1758 medetur.
1681 1710 1846 1757 Oleum

250 1787 385 1828 vetus
424 1795 530 1827 cum
568 1779 755 1840 polenta
793 1780 1026 1841 decoques
1065 1786 1110 1826 et
1147 1780 1479 1827 calidissimum
1513 1780 1847 1842 condylomatis

163 1860 217 1897 30
249 1853 475 1912 impones.
542 1849 671 1896 Folia
715 1849 822 1896 rubi
870 1852 1069 1896 contrita
1113 1856 1159 1896 et
1196 1864 1302 1896 cum
1341 1857 1498 1897 ceroto
1537 1864 1728 1897 rosaceo
1765 1852 1847 1896 im-

162 1929 212 1967 31
247 1922 404 1982 posita
442 1925 607 1966 sanant
645 1921 798 1965 omnia
836 1919 1167 1981 condylomata.
1227 1920 1380 1981 Adeps
1419 1921 1598 1966 anseris
1636 1934 1742 1966 cum
1773 1934 1845 1966 ce·
1870 1932 1912 1964 25

249 2004 383 2036 russa
436 1996 483 2036 et
537 1989 638 2035 oleo
683 2003 874 2036 rosaceo
922 1998 968 2036 et
1019 2004 1126 2036 cera
1178 1989 1369 2036 Pontica
1414 1991 1462 2035 in
1507 2004 1652 2036 unum
1699 1991 1848 2036 ceroti

250 2059 387 2106 modo
428 2060 683 2120 composita
723 2066 769 2106 et
797 2061 1013 2120 imposita
1044 2059 1223 2105 utiliter
1254 2059 1587 2121 condylomatis
1617 2060 1846 2105 medetur.

163 2137 217 2175 32
251 2129 354 2175 Mus
393 2143 606 2191 araneus,
646 2130 726 2189 qui
763 2144 870 2176 cum
904 2131 952 2175 in
983 2129 1182 2175 orbitam
1213 2129 1431 2175 inciderit
1461 2130 1674 2191 moritur,
1710 2134 1846 2175 ustus

248 2201 296 2245 in
329 2200 536 2245 cinerem
567 2198 786 2244 redactus
821 2205 868 2245 et
898 2213 1003 2245 cum
1036 2199 1168 2260 adipe
1201 2201 1414 2245 anserina
1445 2199 1705 2259 permixtus
1737 2212 1844 2244 con-

250 2267 494 2330 dylomatis
532 2268 749 2314 infrictus
787 2270 959 2315 mirum
996 2269 1254 2314 remedium
1293 2269 1456 2314 adsert.
1868 2281 1909 2312 30

165 2347 218 2384 33
391 2338 459 2384 Ad
505 2339 827 2397 intertrigines
872 2339 1099 2384 sanandas
1143 2338 1346 2399 libystici
1389 2337 1509 2383 foliis
1548 2338 1842 2384 commandu-

251 2409 366 2453 catis
415 2422 580 2454 sucum
619 2415 865 2468 exceptum
906 2410 945 2454 si
983 2410 1024 2454 ei
1062 2408 1163 2454 loco
1202 2408 1495 2468 adposueriS‚
1540 2422 1645 2453 cum
1684 2422 1844 2453 morsu

166 2487 221 2524 34
252 2477 462 2539 quidem,
517 2477 597 2523 sed
643 2479 865 2524 continuo
912 2477 1109 2525 sanabis,
1182 2477 1334 2523 Gallae
1380 2482 1599 2523 contusae
1646 2479 1693 2523 in
1738 2479 1845 2523 vino

165 2555 221 2593 35
253 2552 412 2592 coctae
445 2552 583 2607 atque
614 2547 858 2607 impositae
890 2548 1175 2607 intertrigini
1205 2547 1456 2607 plurimum
1488 2552 1697 2606 prosunt.
1748 2546 1844 2592 Cal-

387 2656 413 2692 4
442 2654 561 2694 terra
588 2653 781 2708 tactum]
821 2653 1040 2707 legendum
1069 2653 1238 2695 videtur
1266 2654 1384 2694 terra.
1414 2665 1499 2694 non
1534 2654 1716 2704 tactum,
1748 2665 1844 2694 cum

245 2707 303 2748 sit
339 2709 458 2760 apud
488 2708 605 2749 Ptin.
634 2708 693 2760 ΙΙ,
727 2713 776 2749 21
821 2710 900 2762 (ed.
930 2709 1072 2761 Rom:
1120 2708 1194 2760 qui
1230 2707 1395 2749 habeat
1433 2721 1580 2749 secum
1621 2708 1841 2749 surculum

248 2775 303 2804 ex
330 2765 477 2816 myrto
507 2777 587 2805 nec
617 2763 731 2806 ferro
763 2776 843 2806 nec
874 2766 992 2806 terra
1020 2765 1207 2816 tactum3
1238 2764 1293 2816 cf.
1325 2764 1442 2807 Ptin.
1470 2778 1513 2806 n.
1535 2765 1574 2806 h.
1600 2768 1666 2817 23,
1693 2767 1783 2805 163.
