1930 3008
805 84 1177 134 -360—

201 212 393 273 cipitur,
433 211 554 272 quod
594 213 838 273 reponitur
876 212 1007 259 fictili
1044 226 1176 275 vaso3
1216 212 1323 258 facit
1361 212 1415 259 ad
1455 227 1590 259 omne
1628 215 1790 261 vitium

201 289 248 328 ct
286 281 494 328 dolorem
532 279 744 343 corporis
782 290 828 328 et
865 296 1115 328 nervorum
1153 284 1396 328 universas
1432 282 1681 330 molestias.

340 352 547 412 Acopum
593 351 648 397 ad
694 352 1044 413 perfrictionem
1089 357 1135 398 et
1179 351 1500 398 lassitudinem
1545 358 1591 398 et
1628 367 1790 398 nervo·

199 435 303 467 rum
343 420 570 482 dolorem,
609 421 731 482 quod
771 421 928 467 odoris
967 423 1192 481 gravioris
1231 427 1322 484 est3
1360 436 1464 467 nam
1501 421 1614 468 illud
1654 436 1788 482 supe-
1874 473 1875 476 Ἴ

198 492 298 537 rius
329 490 439 537 boni
469 490 626 536 odoris
657 498 749 553 est3
780 492 949 551 accipit
979 491 1113 538 haec:
1144 491 1431 537 Ammoniaci
1453 498 1609 552 guttae
1634 491 1674 537 X
1696 491 1789 549 XV,
1813 506 1833 536 5

199 560 382 621 galbani
420 560 459 606 X
489 559 596 622 1111,
635 562 816 606 resinae
854 560 1195 607 terebinthinae
1234 560 1273 606 X
1306 560 1375 623 VI,
1413 575 1545 607 cerae
1585 561 1623 607 X
1653 560 1791 624 XXV,

199 629 350 676 mellis
388 630 435 676 P.
468 629 528 690 ll,
567 629 658 676 olei
694 631 866 676 veteris
904 628 952 676 fs
983 629 1024 691 Ι,
1063 632 1222 691 oesypi
1267 657 1325 662 —
1356 630 1388 692 I,
1426 630 1653 677 medullae
1691 645 1790 677 cer-

198 701 331 746 vinae
371 724 432 731 -—-
466 699 506 760 I,
551 701 831 760 opopanacis
870 699 908 745 X
945 699 1023 762 V1;
1068 700 1254 761 quidam
1298 700 1387 746 hoc
1433 715 1525 746 non
1570 701 1790 748 adiciunt.

200 769 384 831 Geram,
431 769 583 815 oleum
630 775 676 815 et
715 769 1076 816 terebinthinam
1111 769 1342 831 liquefieri
1379 777 1582 832 oportet,
1624 770 1791 816 deinde

199 846 355 886 cetera
385 839 521 900 adici,
552 841 854 886 novissimum
886 841 1224 886 ammoniacum
1257 839 1363 886 addi
1392 841 1557 886 tritum
1589 842 1787 887 curiose.
1811 854 1853 884 10

200 909 299 956 Hoc
338 911 417 969 qui
455 915 712 969 perunctus
751 909 907 971 fuerit,
946 911 1083 956 etiam
1122 924 1146 955 a
1185 915 1402 970 serpente
1440 916 1569 956 tutus
1608 911 1710 956 erit.

342 980 571 1041 Acopum,
614 993 705 1039 quo
746 980 841 1025 fere
881 993 1065 1039 semper
1101 979 1228 1025 Livia
1269 979 1473 1040 Augusta
1511 987 1557 1025 et
1593 980 1792 1026 Antonia

199 1063 310 1096 usae
355 1054 486 1109 sunt,
531 1048 641 1094 facit
686 1048 740 1094 ad
788 1049 1135 1111 perfrictiones,
1180 1048 1413 1095 arthritim
1459 1055 1505 1095 et
1542 1063 1790 1096 nervorum

200 1120 408 1164 omnium
447 1117 645 1179 dolores,
684 1119 818 1164 cuius
850 1120 1094 1178 perunctio
1125 1132 1218 1164 non
1250 1120 1424 1178 patitur
1453 1118 1792 1179 perfrigescerc

201 1194 333 1234 artus
364 1194 410 1233 et
440 1188 741 1247 refrigeratos
766 1187 994 1249 calefacit,
1026 1190 1322 1248 componitur
1344 1188 1496 1234 hieme
1520 1188 1608 1234 hoc
1631 1188 1792 1236 modo:
1816 1201 1855 1232 15

199 1258 361 1318 Adipis
407 1257 464 1302 de
510 1271 651 1317 porca
699 1257 847 1303 sterili
885 1256 930 1303 P.
963 1257 1023 1303 111
1072 1257 1143 1303 vel
1188 1259 1326 1303 etiam
1365 1259 1606 1304 anserinae
1644 1258 1793 1319 adipis

197 1328 322 1374 idem
366 1326 609 1388 ponderis,
657 1341 794 1387 quam
839 1342 956 1388 aqua
1002 1327 1169 1388 frigida
1212 1327 1331 1373 bene
1375 1327 1517 1373 lavari
1561 1334 1699 1388 atque
1744 1330 1792 1374 in

200 1411 371 1443 novum
409 1397 648 1443 vasculum
687 1398 838 1443 conici
877 1403 1078 1459 oportet,
1116 1398 1193 1443 cui
1230 1397 1350 1443 adici
1387 1397 1558 1444 debent
1594 1399 1690 1444 vini
1718 1412 1792 1444 ve-

200 1469 315 1514 teris
361 1466 540 1513 odorati
586 1464 634 1512 8*
672 1465 734 1512 ΙΙΙ
789 1474 835 1512 et
880 1468 1060 1527 species
1105 1468 1225 1512 infra
1270 1469 1472 1528 scriptae
1517 1482 1610 1513 non
1654 1469 1792 1513 nimis

199 1543 423 1583 contusae
468 1536 689 1597 ponderis
734 1536 893 1582 huius:
952 1535 1273 1597 Xylocinnami
1322 1563 1380 1570 —-
1428 1535 1468 1598 I,
1513 1537 1857 1583 cardamomieo

200 1633 267 1640 —-
297 1605 339 1669 I,
385 1607 544 1667 cyperi
584 1632 643 1639 —
681 1605 718 1666 Ι,
765 1605 958 1652 schoeni
993 1632 1062 1638 --
1092 1605 1174 1666 ΙΙΙ,
1213 1621 1344 1652 rosae
1384 1606 1537 1652 aridae
1576 1607 1793 1653 foliorum

203 1703 263 1710 —
297 1676 331 1738 Ι,
370 1675 572 1722 sertulae
603 1674 861 1736 Campanae
899 1675 1095 1722 corollas
1134 1675 1188 1721 X.
1240 1675 1365 1722 Haec
1403 1678 1555 1722 omnia
1593 1677 1791 1722 inferve-

199 1748 318 1793 fiunt
363 1760 504 1807 super
549 1745 795 1806 carbones,
849 1745 1015 1791 deinde
1069 1747 1340 1806 refrigerata
1388 1746 1552 1792 eodem
1596 1745 1792 1792 caccabo

199 1821 494 1877 reponuntur
538 1822 821 1875 posteroque
867 1815 940 1861 die
985 1816 1155 1861 iterum
1197 1816 1496 1862 infervefiunt
1533 1815 1792 1862 recondun-

199 1893 370 1947 turque
410 1885 572 1931 eodem
609 1885 767 1946 modo3
805 1887 942 1931 tertio
981 1885 1056 1931 die
1093 1899 1258 1931 rursus
1297 1885 1515 1931 calefiunt
1553 1891 1599 1932 et
1636 1885 1787 1932 colan-
1813 1898 1853 1927 25

198 1962 278 2003 tur
330 1969 414 2016 per
465 1955 661 2001 linteum
712 1954 784 2000 vel
838 1969 892 2000 ex
944 1955 1084 2001 iunco
1130 1955 1251 2001 facto
1296 1955 1352 2001 de
1396 1955 1627 2001 industria
1671 1954 1793 2017 colo;

198 2027 356 2071 vinum
397 2038 563 2070 rursus
601 2032 740 2084 atquc
780 2024 928 2084 adipis
968 2024 1090 2085 quod
1130 2030 1345 2085 superest
1382 2026 1430 2070 in
1468 2024 1591 2070 aliud
1622 2039 1793 2071 novum

198 2109 280 2141 vas
318 2095 572 2155 conicitur-3
609 2093 775 2140 deinde
815 2093 896 2140 ubi
933 2093 1246 2154 congelaverit
1283 2109 1330 2140 se
1367 2094 1521 2156 adepS,
1559 2093 1793 2154 oportebit

201 2164 398 2211 fundum
438 2162 623 2210 caccabi
660 2164 892 2224 perforari
929 2170 975 2210 et
1012 2165 1169 2210 vinum
1208 2178 1344 2209 omne
1383 2165 1531 2210 emitti
1568 2170 1706 2224 atque
1744 2165 1792 2209 in

200 2235 405 2295 priorem
445 2232 693 2279 caccabum
733 2233 915 2294 adipem
954 2233 1146 2279 eandem
1186 2235 1336 2279 conici
1374 2239 1419 2279 et
1456 2234 1549 2279 vini
1583 2233 1791 2279 eiusdem
1815 2246 1856 2276 30

200 2305 404 2350 recentis
450 2303 643 2349 eandem
688 2317 955 2349 mensuram
1008 2303 1127 2349 adici
1182 2304 1456 2364 speciesque
1509 2316 1601 2348 non
1655 2304 1791 2348 nimis

201 2379 422 2420 contusas
475 2387 626 2433 neque
680 2372 993 2434 percribratas
1037 2372 1119 2418 has
1164 2372 1369 2418 infundi:
1428 2371 1570 2417 Nardi
1615 2371 1792 2433 Syriaci

201 2442 341 2503 -Ι,
388 2442 620 2488 saliuncae
658 2468 725 2475 -—
756 2442 794 2504 Ι,
840 2443 1009 2488 amomi
1045 2468 1114 2474 —
1150 2442 1190 2500 Ι,
1236 2444 1383 2488 casiae
1423 2467 1483 2473 —-—
1526 2440 1564 2502 Ι,
1610 2456 1791 2502 myrrae

200 2537 264 2544 —-
299 2511 353 2573 II,
391 2513 596 2558 cinnami
628 2536 686 2544 —-
725 2511 778 2574 ll,
816 2526 949 2557 rosae
981 2512 1135 2557 aridae
1167 2511 1382 2557 foliorum
1412 2536 1481 2543 —
1511 2510 1564 2557 II.
1617 2510 1791 2557 Deinde

199 2595 334 2627 mane
387 2581 530 2627 semel
581 2589 625 2627 et
670 2583 717 2627 in
763 2587 898 2627 nocte
945 2580 1088 2627 semel
1132 2583 1326 2626 mixtum
1372 2580 1460 2626 hoc
1508 2581 1789 2626 infervesieri
1813 2592 1854 2623 35

344 2733 393 2770 17
425 2728 542 2769 idem
571 2729 741 2781 pondus
773 2728 967 2772 Sel-ibon,
