1898 3016
787 99 1164 150 —212-

172 225 243 271 vel
286 225 512 272 maleficia
558 228 606 273 in
652 227 756 273 cibo
801 233 881 274 aut
921 229 971 275 in
1008 228 1278 291 potionibus
1316 229 1434 278 data.
1501 230 1770 292 Conpositio

172 297 284 356 ergo
316 297 417 342 eius
450 302 521 342 est
551 297 676 344 talis:
714 297 927 344 Feniculi
965 300 1171 362 seminis,
1203 301 1388 362 cymini,
1418 302 1621 361 guminis
1652 300 1771 348 The-

171 364 312 426 baici,
351 364 518 429 thymi,
558 366 704 429 pulei,
742 369 942 429 origani,
980 369 1158 429 piperis
1197 368 1311 431 albi,
1347 369 1520 417 herbae
1559 369 1771 434 Sabinae,

173 434 451 498 petrosilini,
482 436 612 483 cedri
644 438 849 499 seminis,
879 436 1246 502 chamaedropiS,
1278 440 1428 486 casiae
1458 439 1621 503 bonae,
1651 438 1772 488 Iovis

171 504 358 568 barbae,
389 520 527 567 rapae
562 507 769 569 seminiS,
800 506 1148 571 nardostachys,
1178 510 1308 555 iunci
1338 510 1544 571 seminiS,
1574 510 1773 574 euforbi,
1794 522 1815 554 5

172 574 332 622 echios
384 575 576 639 radicis,
628 576 716 623 hoc
769 582 841 623 est
892 577 1140 640 capsellae,
1185 580 1365 641 cyperi,
1411 579 1644 642 pyrethri,
1690 582 1771 627 tri-

173 644 272 692 folii
302 647 508 708 seminis,
548 646 671 707 quod
703 646 924 693 mulieres
955 653 1154 695 utuntur
1183 650 1233 694 in
1263 650 1429 711 capite,
1460 651 1644 712 amomi,
1677 664 1771 697 ser-

172 714 290 776 pulli
334 716 469 778 sicci,
515 718 780 780 gentianae,
825 717 1117 764 aristolociae
1163 718 1347 781 longae,
1395 724 1528 765 rutae
1575 721 1772 780 agrestis

173 785 388 846 seminis,
425 788 634 832 omnium
673 801 815 847 supra
853 788 1133 848 scriptarum
1172 789 1436 849 specierum
1474 790 1637 835 uncias
1679 791 1769 836 sin-

172 854 326 918 gulas3
370 856 483 901 item
521 862 654 902 rutae
691 856 967 918 radiculam,
1015 872 1132 918 quae
1171 858 1278 904 facit
1318 858 1374 904 ad
1412 873 1665 919 porcorum
1702 861 1770 905 in·
1795 872 1837 902 10

173 925 428 985 commoda,
466 926 573 986 agni
609 925 829 989 radicem,
867 926 1155 974 bociamsani
1195 929 1291 974 sive
1330 929 1613 988 argimoniae
1651 929 1772 975 radi·

173 1008 288 1057 cem,
327 994 606 1042 draconteae
644 995 864 1059 radicem,
902 1011 1021 1058 quae
1058 997 1190 1043 radix
1228 1003 1300 1044 est
1338 1000 1470 1058 quasi
1508 1003 1690 1046 costum
1726 1005 1774 1046 et

172 1063 292 1111 bene
317 1063 422 1127 olet,
446 1066 575 1111 acori
597 1065 816 1112 radicem.
867 1065 1041 1113 Harum
1067 1068 1332 1127 specierum
1355 1067 1563 1128 singulas
1588 1083 1773 1115 semun-

172 1135 268 1180 cias
312 1134 549 1194 adpendes
594 1140 641 1181 et
685 1137 839 1181 omnia
876 1135 949 1182 vel
993 1136 1114 1182 infra
1151 1135 1223 1182 vel
1267 1151 1409 1197 supra
1461 1139 1634 1199 scripta
1672 1137 1772 1184 dili-

171 1211 336 1265 genter
374 1210 512 1250 tunsa
549 1210 597 1251 et
633 1204 836 1251 cribrata
872 1207 920 1251 in
950 1205 1192 1266 pulverem
1226 1207 1554 1253 tenuissimum
1584 1207 1770 1269 rediges
1794 1217 1834 1250 15

171 1288 224 1320 ac
255 1279 418 1334 postea
449 1289 557 1320 cum
586 1274 722 1321 melle
754 1275 922 1338 Attico,
954 1281 1180 1336 quantum
1211 1275 1268 1322 ad
1292 1277 1645 1337 spissitudinem
1678 1277 1772 1324 suf-

172 1343 310 1404 ficiat,
347 1343 654 1405 permiscebis
693 1352 832 1406 atque
873 1359 927 1391 ex
964 1360 1018 1391 eo
1059 1360 1166 1392 cum
1204 1360 1321 1406 opus
1352 1346 1509 1410 fuerit,
1547 1353 1773 1408 quantum

173 1413 403 1460 avellanae
442 1420 514 1460 est
553 1414 835 1477 magnitudO,
872 1416 1029 1461 ieiuno
1069 1415 1179 1462 dare
1218 1415 1422 1462 debebis

90 1496 170 1534 116
314 1483 553 1530 Confectio
592 1486 711 1531 aceti
748 1484 823 1531 dia
857 1484 1010 1531 scilliu
1039 1485 1096 1531 ad
1127 1485 1436 1546 digestionem
1467 1491 1514 1532 et
1545 1486 1774 1533 stomachi

173 1554 282 1600 vitia
319 1555 407 1600 sic:
447 1553 635 1601 Scillam
673 1569 829 1600 sumes
869 1561 915 1601 et
951 1554 1059 1601 inde
1099 1554 1233 1601 tolles
1272 1555 1523 1601 durissima
1554 1570 1767 1618 quaeque
1795 1567 1835 1598 20

173 1629 220 1670 et
257 1624 480 1686 proicies,
526 1623 695 1670 deinde
741 1625 894 1670 omnia
938 1626 1192 1671 tenerrima
1234 1625 1452 1671 concides
1490 1627 1681 1687 minute,
1722 1634 1774 1673 ut

171 1692 374 1739 habeant
403 1692 571 1739 libram
602 1696 756 1757 semiS,
788 1708 982 1755 eamque
1015 1695 1207 1740 crudam
1238 1696 1409 1741 coicies
1440 1696 1487 1741 in
1520 1697 1640 1742 aceti
1665 1710 1773 1742 con-

172 1763 300 1823 gium
339 1778 486 1809 unum
522 1765 740 1810 acerrimi
777 1770 824 1810 et
861 1778 968 1811 cum
1006 1764 1086 1810 diu
1123 1771 1354 1811 macerata
1392 1764 1534 1811 fuerit
1579 1771 1626 1811 et
1664 1780 1771 1812 con-

174 1831 367 1895 biberit,
397 1832 546 1895 ‘tolles
592 1833 770 1880 scillam
808 1840 854 1879 et
892 1835 1127 1894 exprimes
1165 1834 1305 1895 idque
1345 1840 1528 1881 acetum
1565 1834 1772 1895 percola-

174 1901 247 1948 bis
286 1909 332 1949 et
368 1904 416 1949 in
454 1917 533 1949 vas
571 1903 689 1949 bene
727 1905 930 1965 picatum
969 1918 1168 1965 repones
1207 1905 1402 1965 eiusque
1437 1906 1557 1951 aceti
1586 1906 1772 1952 ieiunus
1796 1917 1836 1949 25

174 1986 309 2018 mane
342 1974 382 2018 si
413 1972 603 2020 sorbeas
627 1973 807 2034 singula
833 1973 904 2020 vel
928 1973 1033 2020 bina
1059 1973 1289 2036 cocliaria,
1321 1974 1611 2021 stomachum
1642 1989 1774 2021 cura-

174 2041 248 2088 bis
293 2047 340 2088 et
379 2043 503 2104 quod
541 2043 597 2089 ad
637 2045 733 2089 oris
771 2042 883 2089 olidi
921 2043 1231 2090 valetudinem
1269 2043 1468 2105 adtinet,
1505 2044 1593 2090 hoc
1631 2045 1772 2091 medi-

175 2117 388 2158 camento
434 2112 549 2158 odor
594 2112 741 2159 malus
787 2113 1112 2162 emendabitur
1158 2119 1204 2159 et
1248 2114 1288 2159 si
1334 2114 1382 2158 in
1427 2128 1538 2159 naso
1575 2113 1774 2174 polypus

176 2181 334 2244 fuerit,
364 2182 452 2228 hoc
484 2188 614 2229 aceto
646 2183 922 2244 gargalizato
954 2185 1166 2230 eicietur.
1219 2181 1351 2236 Quod
1376 2183 1564 2243 quidem
1589 2189 1773 2230 acetum

177 2258 224 2297 et
260 2251 316 2297 ad
355 2251 614 2299 claritatem
652 2252 896 2300 oculorum
927 2259 973 2300 et
1003 2253 1060 2299 ad
1090 2253 1300 2299 auditum
1332 2253 1515 2298 aurium
1547 2254 1773 2313 optimum
1796 2266 1837 2296 30

177 2327 262 2383 est,
294 2323 335 2367 si
365 2321 558 2369 adsidue
590 2325 930 2385 gargarizetur3
962 2323 1018 2369 ad
1049 2337 1210 2369 vocem
1242 2336 1426 2383 quoque
1459 2329 1505 2368 et
1536 2322 1591 2368 ad
1624 2325 1773 2383 suspi-

176 2392 300 2437 rium
331 2398 377 2438 et
407 2392 463 2438 ad
495 2391 707 2452 splenem
738 2394 966 2454 optimum
996 2391 1255 2439 remedium
1279 2398 1362 2438 est.
1417 2390 1466 2437 Si
1490 2393 1594 2453 quis
1618 2398 1774 2439 autem

318 2529 342 2566 2
373 2525 595 2568 faeniculi.
767 2532 791 2568 3
822 2527 972 2568 thimi:
1007 2527 1098 2580 phu
1130 2526 1380 2568 (Im-narius.
1554 2530 1580 2566 4
1611 2539 1771 2568 semen.

177 2579 466 2622 chamedrosi.
603 2586 626 2623 5
658 2582 959 2624 barbararum.
1102 2593 1261 2623 semen.
1398 2582 1770 2625 nardostoraohis.

178 2639 203 2676 6
234 2636 439 2679 radicem.
558 2643 580 2680 7
613 2651 775 2681 semen.
891 2638 1028 2693 quod]
1061 2650 1145 2690 quo
1180 2636 1429 2680 Gornarius.
1553 2643 1576 2679 9
1609 2651 1770 2680 semen.

181 2695 229 2731 11
262 2691 546 2734 hoclamsa-ni.
713 2698 763 2735 18
795 2693 930 2736 debis,
1088 2697 1139 2734 21
1165 2698 1265 2746 post
1295 2706 1493 2746 quaeque
1524 2694 1624 2736 add.
1657 2694 1770 2736 sunt.

177 2751 230 2788 22
262 2746 438 2790 habeat.
544 2754 597 2791 23
630 2749 903 2792 eumbiberit.
1020 2753 1072 2791 25
1103 2747 1300 2802 picitum.
