1930 3008
755 79 1131 131 —313—

286 209 535 257 Lacertum
565 207 773 271 viridem,
804 221 942 270 quem
975 206 1141 254 Graeci
1171 220 1343 253 sauron
1373 213 1551 269 vocant,
1582 207 1738 267 capies

146 295 322 343 perque
360 281 462 326 eius
500 278 660 326 oculos
698 292 833 325 acum
869 291 1090 338 cupream
1135 291 1242 323 cum
1279 275 1386 322 licio
1425 290 1564 337 quam
1601 275 1738 338 longo

146 349 349 398 volueris
387 350 576 396 traicies
613 348 956 409 perforatisque
995 346 1143 394 oculis
1174 360 1281 393 eum
1311 345 1485 392 ibidem
1516 346 1619 408 loci,
1657 346 1739 393 ubi

147 434 354 481 ceperas,
384 419 592 466 dimittes
622 432 674 465 ac
704 425 804 465 tum
835 416 963 464 filum
993 415 1316 478 praecantabis
1347 415 1529 463 dicens:
1567 415 1738 462 Trebio

103 503 124 536 5
147 491 307 551 potnia
344 488 568 550 telapaho.
624 486 723 535 Hoc
761 494 834 534 ter
871 486 1032 534 dicens
1070 486 1199 533 filum
1235 485 1474 532 munditer
1511 485 1739 532 recondes

147 573 348 621 cumque
372 558 505 605 dolor
527 557 663 605 colici
685 557 882 605 alicuius
905 555 1138 619 urguebit,
1161 557 1435 617 praecinges
1459 570 1565 602 eum
1589 562 1739 603 totum

148 643 291 691 supra
327 627 599 675 umbilicum
638 634 684 674 et
721 634 793 674 ter
831 627 957 674 dices
995 640 1184 674 carmen
1223 640 1364 687 supra
1402 627 1644 686 scriptum.

286 697 678 745 Praesentaneum
713 697 873 743 colicis
902 696 1163 743 remedium
1194 697 1282 743 sic:
1320 695 1416 742 Ova
1444 695 1738 757 putidissima

146 769 195 815 in
232 767 329 814 sole
366 768 542 828 ponit0,
579 772 632 813 ut
661 768 1006 829 persiccentur3
1045 781 1151 812 cum
1183 767 1407 828 aruerint,
1445 771 1661 812 conteres
1693 772 1739 812 et

82 853 124 884 ιο
146 838 456 884 minutissime
486 835 794 897 peroriblabis
831 841 879 882 et
908 836 963 882 ad
994 835 1281 896 praesidium
1310 836 1358 881 in
1390 834 1559 882 doliolo
1590 837 1737 882 vitreo

145 906 319 954 condes
348 920 548 967 cumque
579 907 628 952 in
657 905 812 967 aliquo
843 905 1162 966 auspicabitur
1192 904 1282 951 coli
1304 904 1450 967 dolor,
1480 906 1528 951 in
1551 905 1739 952 hemina

145 991 291 1038 aquae
329 975 502 1023 calidae
541 975 671 1022 dabis
708 975 908 1022 bibenda
945 974 1161 1022 cocliaria
1198 975 1301 1021 tria.

287 1046 479 1093 Costum
523 1052 570 1092 et
612 1047 748 1106 piper
790 1047 893 1106 pari
940 1045 1147 1105 pondere
1195 1044 1380 1091 tundito
1430 1051 1477 1091 et
1520 1044 1738 1108 cribrato,

145 1116 255 1163 inde
293 1114 550 1176 scripulum
587 1129 733 1162 unum
770 1129 826 1161 ex
864 1129 982 1176 aqua
1019 1114 1165 1162 calida
1202 1113 1349 1161 colico
1384 1114 1441 1160 da
1470 1114 1738 1162 bibendum.

84 1200 124 1231 15
150 1185 342 1232 Stercus
387 1187 624 1231 murinum
661 1199 718 1231 ex
756 1199 1050 1246 quocumque
1087 1184 1268 1246 liquore
1307 1186 1542 1244 ignoranti
1579 1185 1739 1248 colico,

147 1270 206 1302 ne
244 1255 499 1317 horrescat,
535 1254 788 1301 bibendum
826 1254 971 1317 dabis,
1010 1255 1181 1300 mirum
1219 1260 1302 1300 est.

288 1324 612 1385 Subpositoria
648 1324 794 1371 colice
830 1325 1021 1371 invicta:
1066 1323 1246 1385 Myrrae
1288 1349 1348 1356 —
1382 1323 1466 1386 III,
1504 1326 1634 1371 croci
1671 1324 1738 1371 Si-

146 1394 240 1442 culi
281 1421 340 1428 —
374 1393 436 1455 11,
482 1396 658 1455 piperis
704 1393 796 1440 albi
832 1419 898 1426 —
928 1393 989 1456 II,
1035 1395 1130 1455 opii
1167 1393 1361 1455 Hispani
1398 1419 1464 1426 —
1495 1393 1550 1441 ΙΙ.
1614 1393 1738 1441 Haec

147 1466 301 1512 omnia
344 1464 514 1511 tundes
559 1463 631 1511 vel
675 1470 891 1510 conteres
937 1469 984 1510 et
1026 1463 1194 1524 pilulas
1238 1464 1381 1510 facies
1418 1463 1738 1524 magnitudine

83 1548 124 1579 20
149 1534 279 1581 fabae
324 1534 497 1581 solidae
542 1539 588 1580 et
631 1539 729 1580 tres
774 1532 1030 1595 subpones;
1075 1532 1268 1580 habebis
1313 1548 1423 1580 sane
1462 1548 1643 1596 curam,
1687 1541 1740 1581 ut

146 1618 283 1666 aeger
306 1603 505 1650 dormiat
527 1609 574 1650 et
597 1617 654 1649 ne
672 1608 844 1665 vomat;
867 1605 1068 1650 vomitus
1085 1604 1207 1649 enim
1227 1605 1463 1650 concitare
1481 1606 1737 1651 consuevit.

283 1673 351 1720 Ad
382 1673 473 1720 coli
502 1673 710 1719 dolorem
740 1673 999 1720 remedium
1029 1672 1274 1734 physicum
1301 1675 1389 1720 sic:
1422 1673 1615 1720 Stercus
1640 1675 1738 1720 ovis

143 1748 388 1790 montanae
426 1757 586 1790 mense
619 1742 884 1803 Septembri
921 1743 1165 1790 deficiente
1203 1742 1311 1789 luna
1349 1743 1499 1804 pridie
1530 1743 1738 1790 inclusae

67 1852 70 1854 ,
144 1827 278 1859 mane
324 1814 527 1874 excipies
569 1819 615 1859 et
652 1812 748 1859 sole
786 1812 976 1859 durabis
1013 1818 1153 1874 atque
1191 1814 1239 1859 in
1276 1813 1516 1873 pulverem
1553 1813 1739 1875 rediges

81 1897 123 1928 25
146 1888 193 1928 et
228 1881 422 1928 habebis
458 1884 505 1928 in
537 1896 644 1928 vaso
676 1883 824 1929 vitreo
856 1884 952 1929 sive
983 1888 1195 1945 stagneo;
1233 1897 1339 1929 cum
1371 1897 1486 1929 usus
1518 1885 1740 1947 exegerit,

145 1951 354 1998 cocleare
391 1951 580 2012 plenum
618 1951 765 1998 colico
803 1967 859 1998 ex
893 1967 1011 2014 aqua
1042 1952 1202 2014 calida,
1241 1954 1281 1998 si
1311 1952 1660 2015 febricitaverit,
1699 1957 1738 2000 si

144 2022 358 2068 sincerus
396 2023 498 2084 erit,
537 2036 643 2068 cum
682 2023 786 2068 vino
824 2037 909 2083 per
945 2022 1154 2068 triduum
1194 2021 1338 2069 dabis.

285 2090 395 2137 Ovis
424 2105 608 2153 agnum,
646 2106 784 2152 quem
814 2093 1018 2152 primum
1049 2093 1211 2155 pariet,
1248 2106 1388 2138 manu
1421 2094 1639 2155 excipies,
1675 2094 1738 2139 ita

143 2166 197 2207 ut
240 2166 414 2207 terram
459 2175 552 2207 non
598 2167 775 2223 tangat,
822 2167 868 2208 et
909 2162 966 2208 de
1004 2162 1158 2208 fronte
1197 2162 1405 2208 eiusdem
1445 2164 1551 2222 agni
1587 2163 1738 2208 lanam

79 2245 122 2275 30
145 2229 293 2293 tolleS,
331 2231 412 2277 sed
444 2237 490 2278 et
519 2231 576 2277 de
607 2232 706 2291 ipsa
738 2245 822 2277 ove
854 2238 901 2278 et
930 2233 1093 2293 verris,
1130 2233 1211 2292 qui
1241 2233 1415 2278 coitum
1447 2246 1554 2278 cum
1586 2232 1738 2278 scrofa

143 2300 296 2363 faciet,
333 2315 494 2347 semen
532 2301 694 2347 eadem
731 2300 834 2347 lana
871 2302 1091 2363 excipies,
1128 2302 1190 2347 ita
1229 2307 1280 2348 ut
1312 2307 1483 2348 terram
1516 2316 1609 2347 non
1640 2308 1738 2348 tan-

145 2375 234 2429 gat,
272 2375 318 2417 et
353 2370 565 2417 includes
603 2370 754 2418 lanam
792 2385 900 2417 cum
938 2372 1114 2417 semine
1145 2373 1294 2417 verris
1325 2373 1374 2417 in
1404 2371 1563 2432 lupino
1595 2386 1737 2418 aureo

146 2438 218 2484 vel
252 2439 415 2486 tubulo
453 2446 500 2487 et
529 2439 765 2501 alligatum
795 2442 844 2487 in
874 2440 1065 2488 brachio
1097 2440 1168 2487 vel
1197 2441 1362 2488 mediis
1392 2440 1606 2502 partibus
1637 2456 1738 2488 cor-

145 2509 275 2567 poris
312 2509 457 2556 colico
495 2510 768 2572 suspendes.

285 2673 312 2710 4
344 2682 562 2723 coeperas.
642 2670 795 2726 filium,
825 2673 924 2715 item
955 2677 994 2715 5.
1079 2677 1102 2715 7
1132 2671 1357 2714 umbilico.
1449 2677 1501 2715 16
1533 2673 1738 2716 orrescat.

145 2729 197 2766 21
234 2726 479 2767 consuetur.

1769 215 1823 254 45

1769 703 1825 743 46

1769 1054 1824 1091 47

1769 1193 1826 1231 48

1769 1333 1825 1370 49

1770 1682 1828 1720 50

1769 2101 1823 2138 51
