<?xml version="1.0" encoding="UTF-8"?>
<!DOCTYPE html PUBLIC "-//W3C//DTD XHTML 1.0 Transitional//EN"
    "http://www.w3.org/TR/xhtml1/DTD/xhtml1-transitional.dtd">
<html xmlns="http://www.w3.org/1999/xhtml" xml:lang="en" lang="en">
 <head>
  <title>
</title>
<meta http-equiv="Content-Type" content="text/html;charset=utf-8" />
  <meta name='ocr-system' content='tesseract 3.04.00' />
  <meta name='ocr-capabilities' content='ocr_page ocr_carea ocr_par ocr_line ocrx_word'/>
</head>
<body>
  <div class='ocr_page' id='page_1' title='image "./demedicamentisli00marcuoft_0085.png"; bbox 0 0 1898 3016; ppageno 0'>
   <div class='ocr_carea' id='block_1_1' title="bbox 749 89 1086 139">
    <p class='ocr_par' dir='ltr' id='par_1_1' title="bbox 749 89 1086 139">
     <span class='ocr_line' id='line_1_1' title="bbox 749 89 1086 139; baseline -0.006 -13"><span class='ocrx_word' id='word_1_1' title='bbox 749 89 1086 139; x_wconf 73' lang='lat'><strong>-73-</strong></span> 
     </span>
    </p>
   </div>
   <div class='ocr_carea' id='block_1_2' title="bbox 15 216 1799 2573">
    <p class='ocr_par' dir='ltr' id='par_1_2' title="bbox 116 216 1791 487">
     <span class='ocr_line' id='line_1_2' title="bbox 119 216 1710 276; baseline -0.005 -8"><span class='ocrx_word' id='word_1_2' title='bbox 119 236 224 269; x_wconf 90' lang='lat' dir='ltr'>cum</span> <span class='ocrx_word' id='word_1_3' title='bbox 271 221 418 267; x_wconf 86' lang='lat' dir='ltr'>farina</span> <span class='ocrx_word' id='word_1_4' title='bbox 461 219 593 266; x_wconf 91' lang='lat' dir='ltr'>tenui</span> <span class='ocrx_word' id='word_1_5' title='bbox 636 219 863 265; x_wconf 90' lang='lat' dir='ltr'>miscetur</span> <span class='ocrx_word' id='word_1_6' title='bbox 907 231 959 263; x_wconf 89' lang='lat' dir='ltr'>ac</span> <span class='ocrx_word' id='word_1_7' title='bbox 1004 216 1266 263; x_wconf 80' lang='lat' dir='ltr'>diutissime</span> <span class='ocrx_word' id='word_1_8' title='bbox 1316 216 1506 276; x_wconf 88' lang='lat' dir='ltr'>teritur,</span> <span class='ocrx_word' id='word_1_9' title='bbox 1552 220 1710 275; x_wconf 87' lang='lat' dir='ltr'>postea</span> 
     </span>
     <span class='ocr_line' id='line_1_3' title="bbox 118 283 1711 349; baseline -0.005 -12"><span class='ocrx_word' id='word_1_10' title='bbox 118 291 318 338; x_wconf 91' lang='lat' dir='ltr'>adicitur</span> <span class='ocrx_word' id='word_1_11' title='bbox 347 289 498 337; x_wconf 88' lang='lat' dir='ltr'>mellis</span> <span class='ocrx_word' id='word_1_12' title='bbox 535 288 797 349; x_wconf 82' lang='lat' dir='ltr'>despumati</span> <span class='ocrx_word' id='word_1_13' title='bbox 833 286 1006 348; x_wconf 88' lang='lat' dir='ltr'>aliquid</span> <span class='ocrx_word' id='word_1_14' title='bbox 1045 300 1097 333; x_wconf 90' lang='lat' dir='ltr'>ac</span> <span class='ocrx_word' id='word_1_15' title='bbox 1136 287 1244 348; x_wconf 86' lang='lat' dir='ltr'>vini,</span> <span class='ocrx_word' id='word_1_16' title='bbox 1282 291 1334 332; x_wconf 90' lang='lat' dir='ltr'>ut</span> <span class='ocrx_word' id='word_1_17' title='bbox 1363 283 1588 346; x_wconf 91' lang='lat' dir='ltr'>liquidius</span> <span class='ocrx_word' id='word_1_18' title='bbox 1618 283 1711 346; x_wconf 87' lang='lat' dir='ltr'>fiat,</span> 
     </span>
     <span class='ocr_line' id='line_1_4' title="bbox 116 353 1791 423; baseline -0.004 -17"><span class='ocrx_word' id='word_1_19' title='bbox 116 367 334 423; x_wconf 90' lang='lat' dir='ltr'>potenter</span> <span class='ocrx_word' id='word_1_20' title='bbox 378 358 485 405; x_wconf 89' lang='lat' dir='ltr'>inde</span> <span class='ocrx_word' id='word_1_21' title='bbox 531 360 822 419; x_wconf 91' lang='lat' dir='ltr'>inunguntur</span> <span class='ocrx_word' id='word_1_22' title='bbox 866 355 988 403; x_wconf 93' lang='lat' dir='ltr'>oculi</span> <span class='ocrx_word' id='word_1_23' title='bbox 1034 355 1228 416; x_wconf 88' lang='lat' dir='ltr'>caligine</span> <span class='ocrx_word' id='word_1_24' title='bbox 1267 354 1544 401; x_wconf 82' lang='lat' dir='ltr'>laborantes.</span> <span class='ocrx_word' id='word_1_25' title='bbox 1618 353 1710 400; x_wconf 91' lang='lat' dir='ltr'>Ros</span> <span class='ocrx_word' id='word_1_26' title='bbox 1741 362 1791 402; x_wconf 88' lang='lat'>81</span> 
     </span>
     <span class='ocr_line' id='line_1_5' title="bbox 117 422 1710 487; baseline -0.005 -11"><span class='ocrx_word' id='word_1_27' title='bbox 117 435 399 476; x_wconf 90' lang='lat' dir='ltr'>nocturnum</span> <span class='ocrx_word' id='word_1_28' title='bbox 453 426 642 487; x_wconf 88' lang='lat' dir='ltr'>colliges</span> <span class='ocrx_word' id='word_1_29' title='bbox 687 427 964 474; x_wconf 84' lang='lat' dir='ltr'>nitidissime</span> <span class='ocrx_word' id='word_1_30' title='bbox 1009 427 1057 472; x_wconf 93' lang='lat' dir='ltr'>in</span> <span class='ocrx_word' id='word_1_31' title='bbox 1101 430 1234 486; x_wconf 90' lang='lat' dir='ltr'>prato</span> <span class='ocrx_word' id='word_1_32' title='bbox 1280 430 1326 471; x_wconf 91' lang='lat' dir='ltr'>et</span> <span class='ocrx_word' id='word_1_33' title='bbox 1370 425 1416 470; x_wconf 87' lang='lat' dir='ltr'>in</span> <span class='ocrx_word' id='word_1_34' title='bbox 1464 422 1710 484; x_wconf 88' lang='lat' dir='ltr'>ampullam</span> 
     </span>
    </p>

    <p class='ocr_par' dir='ltr' id='par_1_3' title="bbox 74 488 1714 562">
     <span class='ocr_line' id='line_1_6' title="bbox 74 488 1714 562; baseline -0.005 -15"><span class='ocrx_word' id='word_1_35' title='bbox 74 518 93 549; x_wconf 90' lang='lat'><strong>5</strong></span> <span class='ocrx_word' id='word_1_36' title='bbox 116 501 274 546; x_wconf 87' lang='lat' dir='ltr'>mittes</span> <span class='ocrx_word' id='word_1_37' title='bbox 312 504 448 559; x_wconf 90' lang='lat' dir='ltr'>atque</span> <span class='ocrx_word' id='word_1_38' title='bbox 480 497 652 544; x_wconf 85' lang='lat' dir='ltr'>adicies</span> <span class='ocrx_word' id='word_1_39' title='bbox 682 496 775 542; x_wconf 91' lang='lat' dir='ltr'>illic</span> <span class='ocrx_word' id='word_1_40' title='bbox 808 495 956 542; x_wconf 90' lang='lat' dir='ltr'>mellis</span> <span class='ocrx_word' id='word_1_41' title='bbox 987 496 1128 542; x_wconf 87' lang='lat' dir='ltr'>Attici</span> <span class='ocrx_word' id='word_1_42' title='bbox 1152 488 1213 562; x_wconf 50' lang='lat'>9·</span> <span class='ocrx_word' id='word_1_43' title='bbox 1239 493 1320 540; x_wconf 85' lang='lat' dir='ltr'>XII</span> <span class='ocrx_word' id='word_1_44' title='bbox 1354 500 1400 540; x_wconf 90' lang='lat' dir='ltr'>et</span> <span class='ocrx_word' id='word_1_45' title='bbox 1431 492 1714 555; x_wconf 89' lang='lat' dir='ltr'>opobalsami</span> 
     </span>
    </p>

    <p class='ocr_par' dir='ltr' id='par_1_4' title="bbox 117 562 1796 835">
     <span class='ocr_line' id='line_1_7' title="bbox 220 562 1712 628; baseline -0.003 -16"><span class='ocrx_word' id='word_1_46' title='bbox 220 567 278 614; x_wconf 93' lang='lat' dir='ltr'>VI</span> <span class='ocrx_word' id='word_1_47' title='bbox 314 582 365 614; x_wconf 92' lang='lat' dir='ltr'>ac</span> <span class='ocrx_word' id='word_1_48' title='bbox 404 568 581 628; x_wconf 92' lang='lat' dir='ltr'>pariter</span> <span class='ocrx_word' id='word_1_49' title='bbox 619 571 870 626; x_wconf 90' lang='lat' dir='ltr'>utrumque</span> <span class='ocrx_word' id='word_1_50' title='bbox 910 565 1127 612; x_wconf 80' lang='lat' dir='ltr'>miscebis</span> <span class='ocrx_word' id='word_1_51' title='bbox 1165 571 1210 611; x_wconf 89' lang='lat' dir='ltr'>et</span> <span class='ocrx_word' id='word_1_52' title='bbox 1249 566 1314 610; x_wconf 88' lang='lat' dir='ltr'>sic</span> <span class='ocrx_word' id='word_1_53' title='bbox 1353 565 1499 610; x_wconf 87' lang='lat' dir='ltr'>uteris</span> <span class='ocrx_word' id='word_1_54' title='bbox 1539 562 1593 609; x_wconf 90' lang='lat' dir='ltr'>ad</span> <span class='ocrx_word' id='word_1_55' title='bbox 1630 577 1712 609; x_wconf 91' lang='lat' dir='ltr'>un-</span> 
     </span>
     <span class='ocr_line' id='line_1_8' title="bbox 117 633 1712 698; baseline -0.004 -14"><span class='ocrx_word' id='word_1_56' title='bbox 117 637 319 698; x_wconf 88' lang='lat' dir='ltr'>gendum</span> <span class='ocrx_word' id='word_1_57' title='bbox 357 636 428 682; x_wconf 91' lang='lat' dir='ltr'>vel</span> <span class='ocrx_word' id='word_1_58' title='bbox 466 635 871 696; x_wconf 87' lang='lat' dir='ltr'>superlinendum,</span> <span class='ocrx_word' id='word_1_59' title='bbox 922 636 1092 681; x_wconf 89' lang='lat' dir='ltr'>mirum</span> <span class='ocrx_word' id='word_1_60' title='bbox 1138 633 1396 680; x_wconf 89' lang='lat' dir='ltr'>remedium</span> <span class='ocrx_word' id='word_1_61' title='bbox 1443 634 1712 693; x_wconf 72' lang='lat' dir='ltr'>experieris,</span> 
     </span>
     <span class='ocr_line' id='line_1_9' title="bbox 120 702 1796 764; baseline -0.003 -10"><span class='ocrx_word' id='word_1_62' title='bbox 120 707 292 754; x_wconf 89' lang='lat' dir='ltr'>Sucum</span> <span class='ocrx_word' id='word_1_63' title='bbox 348 707 604 752; x_wconf 77' lang='lat' dir='ltr'>vettonicae</span> <span class='ocrx_word' id='word_1_64' title='bbox 660 706 986 751; x_wconf 90' lang='lat' dir='ltr'>tenuissimum</span> <span class='ocrx_word' id='word_1_65' title='bbox 1032 703 1180 751; x_wconf 89' lang='lat' dir='ltr'>oculis</span> <span class='ocrx_word' id='word_1_66' title='bbox 1224 703 1438 764; x_wconf 89' lang='lat' dir='ltr'>infunde,</span> <span class='ocrx_word' id='word_1_67' title='bbox 1490 702 1712 749; x_wconf 89' lang='lat' dir='ltr'>clariores</span> <span class='ocrx_word' id='word_1_68' title='bbox 1743 710 1796 749; x_wconf 76' lang='lat'>82</span> 
     </span>
     <span class='ocr_line' id='line_1_10' title="bbox 119 772 1716 835; baseline -0.004 -12"><span class='ocrx_word' id='word_1_69' title='bbox 119 791 198 823; x_wconf 89' lang='lat' dir='ltr'>eos</span> <span class='ocrx_word' id='word_1_70' title='bbox 251 776 391 822; x_wconf 85' lang='lat' dir='ltr'>facies</span> <span class='ocrx_word' id='word_1_71' title='bbox 439 782 484 822; x_wconf 91' lang='lat' dir='ltr'>et</span> <span class='ocrx_word' id='word_1_72' title='bbox 528 777 826 835; x_wconf 85' lang='lat' dir='ltr'>inportunam</span> <span class='ocrx_word' id='word_1_73' title='bbox 871 773 1167 820; x_wconf 86' lang='lat' dir='ltr'>lacrimarum</span> <span class='ocrx_word' id='word_1_74' title='bbox 1222 772 1579 819; x_wconf 84' lang='lat' dir='ltr'>destillationem</span> <span class='ocrx_word' id='word_1_75' title='bbox 1625 773 1716 818; x_wconf 90' lang='lat' dir='ltr'>cito</span> 
     </span>
    </p>

    <p class='ocr_par' dir='ltr' id='par_1_5' title="bbox 55 841 1797 1101">
     <span class='ocr_line' id='line_1_11' title="bbox 55 841 1797 903; baseline -0.003 -9"><span class='ocrx_word' id='word_1_76' title='bbox 55 867 96 896; x_wconf 77' lang='grc' dir='ltr'>ιο</span> <span class='ocrx_word' id='word_1_77' title='bbox 119 845 330 892; x_wconf 84' lang='lat' dir='ltr'>siccabis.</span> <span class='ocrx_word' id='word_1_78' title='bbox 403 844 483 891; x_wconf 89' lang='lat' dir='ltr'>Fel</span> <span class='ocrx_word' id='word_1_79' title='bbox 521 843 684 890; x_wconf 90' lang='lat' dir='ltr'>cameli</span> <span class='ocrx_word' id='word_1_80' title='bbox 722 843 871 890; x_wconf 89' lang='lat' dir='ltr'>solum</span> <span class='ocrx_word' id='word_1_81' title='bbox 910 857 995 903; x_wconf 93' lang='lat' dir='ltr'>per</span> <span class='ocrx_word' id='word_1_82' title='bbox 1033 857 1081 889; x_wconf 89' lang='lat' dir='ltr'>se</span> <span class='ocrx_word' id='word_1_83' title='bbox 1121 842 1263 889; x_wconf 90' lang='lat' dir='ltr'>fronti</span> <span class='ocrx_word' id='word_1_84' title='bbox 1299 841 1484 888; x_wconf 91' lang='lat' dir='ltr'>inlitum</span> <span class='ocrx_word' id='word_1_85' title='bbox 1522 841 1714 902; x_wconf 89' lang='lat' dir='ltr'>prodest</span> <span class='ocrx_word' id='word_1_86' title='bbox 1744 850 1797 888; x_wconf 87' lang='grc'>83</span> 
     </span>
     <span class='ocr_line' id='line_1_12' title="bbox 118 911 1716 975; baseline -0.004 -13"><span class='ocrx_word' id='word_1_87' title='bbox 118 916 365 962; x_wconf 89' lang='lat' dir='ltr'>adversum</span> <span class='ocrx_word' id='word_1_88' title='bbox 410 914 674 975; x_wconf 87' lang='lat' dir='ltr'>caliginem,</span> <span class='ocrx_word' id='word_1_89' title='bbox 720 912 801 959; x_wconf 90' lang='lat' dir='ltr'>sed</span> <span class='ocrx_word' id='word_1_90' title='bbox 840 927 898 958; x_wconf 93' lang='lat' dir='ltr'>ne</span> <span class='ocrx_word' id='word_1_91' title='bbox 945 913 1133 959; x_wconf 90' lang='lat' dir='ltr'>omnino</span> <span class='ocrx_word' id='word_1_92' title='bbox 1180 911 1422 972; x_wconf 88' lang='lat' dir='ltr'>lippiatur,</span> <span class='ocrx_word' id='word_1_93' title='bbox 1468 911 1716 957; x_wconf 87' lang='lat' dir='ltr'>decoctum</span> 
     </span>
     <span class='ocr_line' id='line_1_13' title="bbox 119 981 1714 1045; baseline -0.004 -14"><span class='ocrx_word' id='word_1_94' title='bbox 119 999 225 1032; x_wconf 90' lang='lat' dir='ltr'>cum</span> <span class='ocrx_word' id='word_1_95' title='bbox 271 983 418 1030; x_wconf 90' lang='lat' dir='ltr'>mellis</span> <span class='ocrx_word' id='word_1_96' title='bbox 457 985 618 1045; x_wconf 90' lang='lat' dir='ltr'>optimi</span> <span class='ocrx_word' id='word_1_97' title='bbox 657 982 833 1044; x_wconf 86' lang='lat' dir='ltr'>cyathis</span> <span class='ocrx_word' id='word_1_98' title='bbox 872 981 1022 1028; x_wconf 87' lang='lat' dir='ltr'>tribus</span> <span class='ocrx_word' id='word_1_99' title='bbox 1062 987 1108 1028; x_wconf 90' lang='lat' dir='ltr'>et</span> <span class='ocrx_word' id='word_1_100' title='bbox 1145 983 1271 1028; x_wconf 90' lang='lat' dir='ltr'>croci</span> <span class='ocrx_word' id='word_1_101' title='bbox 1308 982 1446 1027; x_wconf 89' lang='lat' dir='ltr'>uncia</span> <span class='ocrx_word' id='word_1_102' title='bbox 1483 982 1530 1026; x_wconf 91' lang='lat' dir='ltr'>in</span> <span class='ocrx_word' id='word_1_103' title='bbox 1571 995 1714 1027; x_wconf 88' lang='lat' dir='ltr'>unum</span> 
     </span>
     <span class='ocr_line' id='line_1_14' title="bbox 119 1050 1715 1101; baseline -0.004 0"><span class='ocrx_word' id='word_1_104' title='bbox 119 1054 336 1101; x_wconf 85' lang='lat' dir='ltr'>miscebis</span> <span class='ocrx_word' id='word_1_105' title='bbox 389 1060 435 1100; x_wconf 88' lang='lat' dir='ltr'>et</span> <span class='ocrx_word' id='word_1_106' title='bbox 487 1055 553 1100; x_wconf 91' lang='lat' dir='ltr'>sic</span> <span class='ocrx_word' id='word_1_107' title='bbox 606 1052 911 1099; x_wconf 86' lang='lat' dir='ltr'>suffusionem</span> <span class='ocrx_word' id='word_1_108' title='bbox 964 1051 1020 1098; x_wconf 92' lang='lat' dir='ltr'>ad</span> <span class='ocrx_word' id='word_1_109' title='bbox 1066 1050 1226 1098; x_wconf 91' lang='lat' dir='ltr'>oculos</span> <span class='ocrx_word' id='word_1_110' title='bbox 1271 1051 1413 1097; x_wconf 85' lang='lat' dir='ltr'>facies</span> <span class='ocrx_word' id='word_1_111' title='bbox 1459 1050 1529 1095; x_wconf 91' lang='lat' dir='ltr'>vel</span> <span class='ocrx_word' id='word_1_112' title='bbox 1575 1051 1715 1096; x_wconf 90' lang='lat' dir='ltr'>etiam</span> 
     </span>
    </p>

    <p class='ocr_par' dir='ltr' id='par_1_6' title="bbox 15 1119 1716 1185">
     <span class='ocr_line' id='line_1_15' title="bbox 15 1119 1716 1185; baseline -0.004 -13"><span class='ocrx_word' id='word_1_113' title='bbox 15 1170 17 1174; x_wconf 83' lang='grc'><strong>,</strong></span> <span class='ocrx_word' id='word_1_114' title='bbox 120 1123 381 1185; x_wconf 89' lang='lat' dir='ltr'>superlines</span> <span class='ocrx_word' id='word_1_115' title='bbox 418 1123 524 1169; x_wconf 92' lang='lat' dir='ltr'>inde</span> <span class='ocrx_word' id='word_1_116' title='bbox 563 1122 814 1183; x_wconf 84' lang='lat' dir='ltr'>caligantes</span> <span class='ocrx_word' id='word_1_117' title='bbox 853 1127 897 1167; x_wconf 87' lang='lat' dir='ltr'>et</span> <span class='ocrx_word' id='word_1_118' title='bbox 936 1121 1184 1182; x_wconf 86' lang='lat' dir='ltr'>lippientes</span> <span class='ocrx_word' id='word_1_119' title='bbox 1223 1120 1404 1182; x_wconf 82' lang='lat' dir='ltr'>oculos3</span> <span class='ocrx_word' id='word_1_120' title='bbox 1445 1120 1534 1166; x_wconf 93' lang='lat' dir='ltr'>hoc</span> <span class='ocrx_word' id='word_1_121' title='bbox 1572 1119 1716 1165; x_wconf 92' lang='lat' dir='ltr'>medi-</span> 
     </span>
    </p>

    <p class='ocr_par' dir='ltr' id='par_1_7' title="bbox 57 1190 1799 1532">
     <span class='ocr_line' id='line_1_16' title="bbox 57 1190 1715 1244; baseline -0.004 -3"><span class='ocrx_word' id='word_1_122' title='bbox 57 1213 97 1244; x_wconf 89' lang='lat'>15</span> <span class='ocrx_word' id='word_1_123' title='bbox 122 1195 299 1240; x_wconf 88' lang='lat' dir='ltr'>camine</span> <span class='ocrx_word' id='word_1_124' title='bbox 346 1194 482 1239; x_wconf 89' lang='lat' dir='ltr'>etiam</span> <span class='ocrx_word' id='word_1_125' title='bbox 529 1198 854 1238; x_wconf 88' lang='lat' dir='ltr'>excrescentes</span> <span class='ocrx_word' id='word_1_126' title='bbox 902 1205 1066 1237; x_wconf 90' lang='lat' dir='ltr'>carnes</span> <span class='ocrx_word' id='word_1_127' title='bbox 1110 1193 1158 1236; x_wconf 91' lang='lat' dir='ltr'>in</span> <span class='ocrx_word' id='word_1_128' title='bbox 1205 1190 1352 1236; x_wconf 86' lang='lat' dir='ltr'>oculis</span> <span class='ocrx_word' id='word_1_129' title='bbox 1391 1196 1436 1236; x_wconf 89' lang='lat' dir='ltr'>et</span> <span class='ocrx_word' id='word_1_130' title='bbox 1474 1190 1715 1236; x_wconf 80' lang='lat' dir='ltr'>cicatrices</span> 
     </span>
     <span class='ocr_line' id='line_1_17' title="bbox 120 1259 1799 1322; baseline -0.002 -13"><span class='ocrx_word' id='word_1_131' title='bbox 120 1268 358 1309; x_wconf 83' lang='lat' dir='ltr'>curantur.</span> <span class='ocrx_word' id='word_1_132' title='bbox 430 1261 497 1308; x_wconf 85' lang='lat' dir='ltr'>Ad</span> <span class='ocrx_word' id='word_1_133' title='bbox 544 1260 764 1322; x_wconf 88' lang='lat' dir='ltr'>caligines</span> <span class='ocrx_word' id='word_1_134' title='bbox 803 1259 1045 1307; x_wconf 89' lang='lat' dir='ltr'>oculorum</span> <span class='ocrx_word' id='word_1_135' title='bbox 1084 1259 1389 1320; x_wconf 88' lang='lat' dir='ltr'>detergendas</span> <span class='ocrx_word' id='word_1_136' title='bbox 1429 1259 1713 1305; x_wconf 87' lang='lat' dir='ltr'>medicamen</span> <span class='ocrx_word' id='word_1_137' title='bbox 1746 1268 1799 1306; x_wconf 88' lang='lat'>84</span> 
     </span>
     <span class='ocr_line' id='line_1_18' title="bbox 119 1328 1715 1390; baseline -0.001 -14"><span class='ocrx_word' id='word_1_138' title='bbox 119 1332 249 1378; x_wconf 89' lang='lat' dir='ltr'>valde</span> <span class='ocrx_word' id='word_1_139' title='bbox 288 1332 470 1378; x_wconf 85' lang='lat' dir='ltr'>efficax:</span> <span class='ocrx_word' id='word_1_140' title='bbox 507 1330 656 1377; x_wconf 93' lang='lat' dir='ltr'>Rosae</span> <span class='ocrx_word' id='word_1_141' title='bbox 689 1332 837 1376; x_wconf 89' lang='lat' dir='ltr'>siccae</span> <span class='ocrx_word' id='word_1_142' title='bbox 868 1343 1050 1390; x_wconf 86' lang='lat' dir='ltr'>pugnos</span> <span class='ocrx_word' id='word_1_143' title='bbox 1082 1329 1198 1376; x_wconf 91' lang='lat' dir='ltr'>duos</span> <span class='ocrx_word' id='word_1_144' title='bbox 1229 1329 1390 1390; x_wconf 94' lang='lat' dir='ltr'>plenos</span> <span class='ocrx_word' id='word_1_145' title='bbox 1423 1343 1528 1375; x_wconf 88' lang='lat' dir='ltr'>cum</span> <span class='ocrx_word' id='word_1_146' title='bbox 1560 1328 1715 1374; x_wconf 91' lang='lat' dir='ltr'>radice</span> 
     </span>
     <span class='ocr_line' id='line_1_19' title="bbox 120 1400 1715 1461; baseline -0.003 -14"><span class='ocrx_word' id='word_1_147' title='bbox 120 1400 309 1448; x_wconf 89' lang='lat' dir='ltr'>feniculi</span> <span class='ocrx_word' id='word_1_148' title='bbox 356 1401 604 1461; x_wconf 86' lang='lat' dir='ltr'>diligenter</span> <span class='ocrx_word' id='word_1_149' title='bbox 650 1401 835 1460; x_wconf 86' lang='lat' dir='ltr'>purgati</span> <span class='ocrx_word' id='word_1_150' title='bbox 883 1407 930 1446; x_wconf 89' lang='lat' dir='ltr'>et</span> <span class='ocrx_word' id='word_1_151' title='bbox 976 1400 1071 1445; x_wconf 89' lang='lat' dir='ltr'>feni</span> <span class='ocrx_word' id='word_1_152' title='bbox 1116 1400 1271 1459; x_wconf 88' lang='lat' dir='ltr'>graeci</span> <span class='ocrx_word' id='word_1_153' title='bbox 1318 1412 1527 1459; x_wconf 90' lang='lat' dir='ltr'>pugnum</span> <span class='ocrx_word' id='word_1_154' title='bbox 1571 1412 1715 1444; x_wconf 92' lang='lat' dir='ltr'>unum</span> 
     </span>
     <span class='ocr_line' id='line_1_20' title="bbox 121 1467 1717 1532; baseline -0.003 -15"><span class='ocrx_word' id='word_1_155' title='bbox 121 1470 311 1532; x_wconf 89' lang='lat' dir='ltr'>plenum</span> <span class='ocrx_word' id='word_1_156' title='bbox 341 1471 387 1516; x_wconf 92' lang='lat' dir='ltr'>in</span> <span class='ocrx_word' id='word_1_157' title='bbox 421 1470 556 1516; x_wconf 90' lang='lat' dir='ltr'>ollam</span> <span class='ocrx_word' id='word_1_158' title='bbox 587 1484 750 1516; x_wconf 90' lang='lat' dir='ltr'>novam</span> <span class='ocrx_word' id='word_1_159' title='bbox 781 1471 939 1515; x_wconf 90' lang='lat' dir='ltr'>mittes</span> <span class='ocrx_word' id='word_1_160' title='bbox 970 1474 1016 1515; x_wconf 93' lang='lat' dir='ltr'>et</span> <span class='ocrx_word' id='word_1_161' title='bbox 1040 1469 1230 1515; x_wconf 90' lang='lat' dir='ltr'>decocta</span> <span class='ocrx_word' id='word_1_162' title='bbox 1253 1470 1402 1528; x_wconf 91' lang='lat' dir='ltr'>prima</span> <span class='ocrx_word' id='word_1_163' title='bbox 1426 1482 1545 1529; x_wconf 89' lang='lat' dir='ltr'>aqua</span> <span class='ocrx_word' id='word_1_164' title='bbox 1575 1467 1717 1514; x_wconf 84' lang='lat' dir='ltr'>effusa</span> 
     </span>
    </p>

    <p class='ocr_par' dir='ltr' id='par_1_8' title="bbox 57 1537 1798 1879">
     <span class='ocr_line' id='line_1_21' title="bbox 57 1537 1716 1601; baseline -0.003 -13"><span class='ocrx_word' id='word_1_165' title='bbox 57 1559 98 1590; x_wconf 77' lang='lat'>20</span> <span class='ocrx_word' id='word_1_166' title='bbox 122 1542 188 1586; x_wconf 93' lang='lat' dir='ltr'>sic</span> <span class='ocrx_word' id='word_1_167' title='bbox 219 1545 379 1601; x_wconf 89' lang='lat' dir='ltr'>postea</span> <span class='ocrx_word' id='word_1_168' title='bbox 410 1539 657 1601; x_wconf 91' lang='lat' dir='ltr'>decoques,</span> <span class='ocrx_word' id='word_1_169' title='bbox 697 1547 747 1585; x_wconf 89' lang='lat' dir='ltr'>ut</span> <span class='ocrx_word' id='word_1_170' title='bbox 778 1541 1050 1601; x_wconf 82' lang='lat' dir='ltr'>spissescat3</span> <span class='ocrx_word' id='word_1_171' title='bbox 1082 1537 1249 1584; x_wconf 91' lang='lat' dir='ltr'>deinde</span> <span class='ocrx_word' id='word_1_172' title='bbox 1281 1537 1430 1584; x_wconf 90' lang='lat' dir='ltr'>mellis</span> <span class='ocrx_word' id='word_1_173' title='bbox 1461 1537 1604 1599; x_wconf 74' lang='lat' dir='ltr'>Attici</span> <span class='ocrx_word' id='word_1_174' title='bbox 1634 1551 1716 1583; x_wconf 92' lang='lat' dir='ltr'>un-</span> 
     </span>
     <span class='ocr_line' id='line_1_22' title="bbox 120 1606 1716 1670; baseline -0.003 -14"><span class='ocrx_word' id='word_1_175' title='bbox 120 1612 238 1657; x_wconf 91' lang='lat' dir='ltr'>ciam</span> <span class='ocrx_word' id='word_1_176' title='bbox 284 1610 585 1670; x_wconf 87' lang='lat' dir='ltr'>supermittes</span> <span class='ocrx_word' id='word_1_177' title='bbox 631 1614 676 1655; x_wconf 89' lang='lat' dir='ltr'>et</span> <span class='ocrx_word' id='word_1_178' title='bbox 720 1610 897 1669; x_wconf 91' lang='lat' dir='ltr'>piperis</span> <span class='ocrx_word' id='word_1_179' title='bbox 942 1607 1198 1669; x_wconf 90' lang='lat' dir='ltr'>scripulum</span> <span class='ocrx_word' id='word_1_180' title='bbox 1244 1606 1362 1653; x_wconf 91' lang='lat' dir='ltr'>bene</span> <span class='ocrx_word' id='word_1_181' title='bbox 1408 1608 1527 1670; x_wconf 91' lang='lat' dir='ltr'>triti,</span> <span class='ocrx_word' id='word_1_182' title='bbox 1576 1606 1716 1652; x_wconf 87' lang='lat' dir='ltr'>addes</span> 
     </span>
     <span class='ocr_line' id='line_1_23' title="bbox 121 1676 1717 1740; baseline -0.002 -15"><span class='ocrx_word' id='word_1_183' title='bbox 121 1681 255 1726; x_wconf 86' lang='lat' dir='ltr'>etiam</span> <span class='ocrx_word' id='word_1_184' title='bbox 295 1681 419 1739; x_wconf 92' lang='lat' dir='ltr'>passi</span> <span class='ocrx_word' id='word_1_185' title='bbox 453 1678 625 1725; x_wconf 86' lang='lat' dir='ltr'>Cretici</span> <span class='ocrx_word' id='word_1_186' title='bbox 663 1677 964 1740; x_wconf 88' lang='lat' dir='ltr'>aliquantum,</span> <span class='ocrx_word' id='word_1_187' title='bbox 1000 1684 1053 1724; x_wconf 90' lang='lat' dir='ltr'>ut</span> <span class='ocrx_word' id='word_1_188' title='bbox 1089 1677 1314 1739; x_wconf 91' lang='lat' dir='ltr'>liquidius</span> <span class='ocrx_word' id='word_1_189' title='bbox 1353 1677 1507 1738; x_wconf 85' lang='lat' dir='ltr'>facias,</span> <span class='ocrx_word' id='word_1_190' title='bbox 1549 1676 1717 1722; x_wconf 89' lang='lat' dir='ltr'>deinde</span> 
     </span>
     <span class='ocr_line' id='line_1_24' title="bbox 119 1745 1716 1810; baseline -0.002 -16"><span class='ocrx_word' id='word_1_191' title='bbox 119 1763 204 1810; x_wconf 89' lang='lat' dir='ltr'>per</span> <span class='ocrx_word' id='word_1_192' title='bbox 248 1748 488 1794; x_wconf 89' lang='lat' dir='ltr'>linteolum</span> <span class='ocrx_word' id='word_1_193' title='bbox 542 1747 790 1794; x_wconf 89' lang='lat' dir='ltr'>delicatum</span> <span class='ocrx_word' id='word_1_194' title='bbox 843 1747 1016 1794; x_wconf 90' lang='lat' dir='ltr'>colabis</span> <span class='ocrx_word' id='word_1_195' title='bbox 1069 1753 1115 1793; x_wconf 90' lang='lat' dir='ltr'>et</span> <span class='ocrx_word' id='word_1_196' title='bbox 1173 1747 1228 1793; x_wconf 88' lang='lat' dir='ltr'>ad</span> <span class='ocrx_word' id='word_1_197' title='bbox 1290 1747 1593 1793; x_wconf 82' lang='lat' dir='ltr'>suffusionem</span> <span class='ocrx_word' id='word_1_198' title='bbox 1646 1745 1716 1791; x_wconf 91' lang='lat' dir='ltr'>vel</span> 
     </span>
     <span class='ocr_line' id='line_1_25' title="bbox 122 1814 1798 1879; baseline -0.001 -16"><span class='ocrx_word' id='word_1_199' title='bbox 122 1817 522 1879; x_wconf 89' lang='lat' dir='ltr'>superlinitionem</span> <span class='ocrx_word' id='word_1_200' title='bbox 547 1816 790 1863; x_wconf 90' lang='lat' dir='ltr'>oculorum</span> <span class='ocrx_word' id='word_1_201' title='bbox 813 1818 974 1863; x_wconf 86' lang='lat' dir='ltr'>uteris.</span> <span class='ocrx_word' id='word_1_202' title='bbox 1035 1816 1244 1863; x_wconf 91' lang='lat' dir='ltr'>Perdicis</span> <span class='ocrx_word' id='word_1_203' title='bbox 1272 1816 1331 1862; x_wconf 88' lang='lat' dir='ltr'>fel</span> <span class='ocrx_word' id='word_1_204' title='bbox 1363 1817 1559 1862; x_wconf 88' lang='lat' dir='ltr'>mixtum</span> <span class='ocrx_word' id='word_1_205' title='bbox 1590 1814 1716 1861; x_wconf 90' lang='lat' dir='ltr'>melli</span> <span class='ocrx_word' id='word_1_206' title='bbox 1746 1823 1798 1862; x_wconf 84' lang='lat'>85</span> 
     </span>
    </p>

    <p class='ocr_par' dir='ltr' id='par_1_9' title="bbox 58 1884 1798 2226">
     <span class='ocr_line' id='line_1_26' title="bbox 58 1884 1716 1948; baseline -0.003 -13"><span class='ocrx_word' id='word_1_207' title='bbox 58 1906 98 1937; x_wconf 78' lang='lat'>25</span> <span class='ocrx_word' id='word_1_208' title='bbox 121 1888 273 1933; x_wconf 86' lang='lat' dir='ltr'>Attico</span> <span class='ocrx_word' id='word_1_209' title='bbox 305 1886 548 1947; x_wconf 89' lang='lat' dir='ltr'>caliginem</span> <span class='ocrx_word' id='word_1_210' title='bbox 572 1885 703 1948; x_wconf 90' lang='lat' dir='ltr'>tollit,</span> <span class='ocrx_word' id='word_1_211' title='bbox 735 1888 775 1932; x_wconf 91' lang='lat' dir='ltr'>si</span> <span class='ocrx_word' id='word_1_212' title='bbox 798 1886 945 1932; x_wconf 89' lang='lat' dir='ltr'>oculis</span> <span class='ocrx_word' id='word_1_213' title='bbox 969 1886 1161 1932; x_wconf 90' lang='lat' dir='ltr'>adsidue</span> <span class='ocrx_word' id='word_1_214' title='bbox 1185 1885 1472 1946; x_wconf 83' lang='lat' dir='ltr'>infundatur,</span> <span class='ocrx_word' id='word_1_215' title='bbox 1504 1884 1584 1931; x_wconf 91' lang='lat' dir='ltr'>sed</span> <span class='ocrx_word' id='word_1_216' title='bbox 1610 1899 1716 1931; x_wconf 90' lang='lat' dir='ltr'>cum</span> 
     </span>
     <span class='ocr_line' id='line_1_27' title="bbox 120 1953 1798 2016; baseline -0.001 -14"><span class='ocrx_word' id='word_1_217' title='bbox 120 1957 258 2002; x_wconf 91' lang='lat' dir='ltr'>modo</span> <span class='ocrx_word' id='word_1_218' title='bbox 297 1962 343 2003; x_wconf 87' lang='lat' dir='ltr'>et</span> <span class='ocrx_word' id='word_1_219' title='bbox 380 1955 560 2016; x_wconf 88' lang='lat' dir='ltr'>aequali</span> <span class='ocrx_word' id='word_1_220' title='bbox 596 1970 828 2002; x_wconf 88' lang='lat' dir='ltr'>mensura.</span> <span class='ocrx_word' id='word_1_221' title='bbox 902 1955 1093 2016; x_wconf 86' lang='lat' dir='ltr'>Aquilae</span> <span class='ocrx_word' id='word_1_222' title='bbox 1132 1955 1192 2001; x_wconf 89' lang='lat' dir='ltr'>fel</span> <span class='ocrx_word' id='word_1_223' title='bbox 1230 1969 1334 2002; x_wconf 91' lang='lat' dir='ltr'>cum</span> <span class='ocrx_word' id='word_1_224' title='bbox 1376 1953 1509 2000; x_wconf 88' lang='lat' dir='ltr'>melle</span> <span class='ocrx_word' id='word_1_225' title='bbox 1548 1954 1715 2015; x_wconf 88' lang='lat' dir='ltr'>Attico,</span> <span class='ocrx_word' id='word_1_226' title='bbox 1747 1963 1798 2001; x_wconf 83' lang='lat'>86</span> 
     </span>
     <span class='ocr_line' id='line_1_28' title="bbox 120 2023 1716 2087; baseline -0.001 -16"><span class='ocrx_word' id='word_1_227' title='bbox 120 2040 275 2087; x_wconf 83' lang='lat' dir='ltr'>myrra</span> <span class='ocrx_word' id='word_1_228' title='bbox 318 2040 425 2072; x_wconf 89' lang='lat' dir='ltr'>vera</span> <span class='ocrx_word' id='word_1_229' title='bbox 471 2031 517 2072; x_wconf 88' lang='lat' dir='ltr'>et</span> <span class='ocrx_word' id='word_1_230' title='bbox 561 2027 684 2071; x_wconf 89' lang='lat' dir='ltr'>nitro</span> <span class='ocrx_word' id='word_1_231' title='bbox 730 2024 833 2071; x_wconf 91' lang='lat' dir='ltr'>albo</span> <span class='ocrx_word' id='word_1_232' title='bbox 878 2024 1072 2085; x_wconf 90' lang='lat' dir='ltr'>singulis</span> <span class='ocrx_word' id='word_1_233' title='bbox 1116 2026 1268 2072; x_wconf 91' lang='lat' dir='ltr'>unciis</span> <span class='ocrx_word' id='word_1_234' title='bbox 1319 2026 1515 2070; x_wconf 86' lang='lat' dir='ltr'>mixtum</span> <span class='ocrx_word' id='word_1_235' title='bbox 1568 2023 1716 2070; x_wconf 91' lang='lat' dir='ltr'>oculis</span> 
     </span>
     <span class='ocr_line' id='line_1_29' title="bbox 119 2093 1715 2155; baseline -0.001 -14"><span class='ocrx_word' id='word_1_236' title='bbox 119 2097 343 2141; x_wconf 89' lang='lat' dir='ltr'>visionem</span> <span class='ocrx_word' id='word_1_237' title='bbox 390 2097 702 2141; x_wconf 88' lang='lat' dir='ltr'>acutissimam</span> <span class='ocrx_word' id='word_1_238' title='bbox 747 2101 972 2155; x_wconf 86' lang='lat' dir='ltr'>praestat,</span> <span class='ocrx_word' id='word_1_239' title='bbox 1019 2096 1058 2140; x_wconf 90' lang='lat' dir='ltr'>si</span> <span class='ocrx_word' id='word_1_240' title='bbox 1103 2109 1208 2141; x_wconf 90' lang='lat' dir='ltr'>cum</span> <span class='ocrx_word' id='word_1_241' title='bbox 1254 2094 1390 2140; x_wconf 90' lang='lat' dir='ltr'>modo</span> <span class='ocrx_word' id='word_1_242' title='bbox 1428 2093 1715 2140; x_wconf 85' lang='lat' dir='ltr'>infundatur.</span> 
     </span>
     <span class='ocr_line' id='line_1_30' title="bbox 119 2162 1797 2226; baseline -0.001 -15"><span class='ocrx_word' id='word_1_243' title='bbox 119 2164 179 2211; x_wconf 90' lang='lat' dir='ltr'>Ut</span> <span class='ocrx_word' id='word_1_244' title='bbox 209 2166 306 2211; x_wconf 91' lang='lat' dir='ltr'>acie</span> <span class='ocrx_word' id='word_1_245' title='bbox 337 2166 537 2211; x_wconf 87' lang='lat' dir='ltr'>certiore</span> <span class='ocrx_word' id='word_1_246' title='bbox 568 2166 742 2211; x_wconf 87' lang='lat' dir='ltr'>intueri</span> <span class='ocrx_word' id='word_1_247' title='bbox 773 2165 925 2210; x_wconf 91' lang='lat' dir='ltr'>omnia</span> <span class='ocrx_word' id='word_1_248' title='bbox 956 2165 1121 2226; x_wconf 91' lang='lat' dir='ltr'>possis,</span> <span class='ocrx_word' id='word_1_249' title='bbox 1156 2164 1271 2210; x_wconf 83' lang='lat' dir='ltr'>ficus</span> <span class='ocrx_word' id='word_1_250' title='bbox 1301 2162 1544 2209; x_wconf 87' lang='lat' dir='ltr'>Africanae</span> <span class='ocrx_word' id='word_1_251' title='bbox 1576 2164 1713 2209; x_wconf 87' lang='lat' dir='ltr'>etiam</span> <span class='ocrx_word' id='word_1_252' title='bbox 1745 2172 1797 2210; x_wconf 83' lang='grc'>87</span> 
     </span>
    </p>

    <p class='ocr_par' dir='ltr' id='par_1_10' title="bbox 57 2232 1796 2573">
     <span class='ocr_line' id='line_1_31' title="bbox 57 2232 1714 2294; baseline -0.004 -10"><span class='ocrx_word' id='word_1_253' title='bbox 57 2254 97 2285; x_wconf 78' lang='lat' dir='ltr'>so</span> <span class='ocrx_word' id='word_1_254' title='bbox 123 2236 290 2280; x_wconf 82' lang='lat' dir='ltr'>veteris</span> <span class='ocrx_word' id='word_1_255' title='bbox 335 2234 584 2281; x_wconf 89' lang='lat' dir='ltr'>dummodo</span> <span class='ocrx_word' id='word_1_256' title='bbox 630 2235 962 2294; x_wconf 87' lang='lat' dir='ltr'>pinguissimae</span> <span class='ocrx_word' id='word_1_257' title='bbox 1008 2233 1062 2279; x_wconf 91' lang='lat' dir='ltr'>ad</span> <span class='ocrx_word' id='word_1_258' title='bbox 1108 2235 1263 2293; x_wconf 85' lang='lat' dir='ltr'>ignem</span> <span class='ocrx_word' id='word_1_259' title='bbox 1309 2232 1554 2279; x_wconf 88' lang='lat' dir='ltr'>calefactae</span> <span class='ocrx_word' id='word_1_260' title='bbox 1603 2246 1714 2278; x_wconf 89' lang='lat' dir='ltr'>suco</span> 
     </span>
     <span class='ocr_line' id='line_1_32' title="bbox 122 2301 1714 2365; baseline -0.003 -15"><span class='ocrx_word' id='word_1_261' title='bbox 122 2318 341 2364; x_wconf 87' lang='lat' dir='ltr'>expresso</span> <span class='ocrx_word' id='word_1_262' title='bbox 388 2306 587 2365; x_wconf 90' lang='lat' dir='ltr'>vinoque</span> <span class='ocrx_word' id='word_1_263' title='bbox 639 2302 785 2349; x_wconf 90' lang='lat' dir='ltr'>diluto</span> <span class='ocrx_word' id='word_1_264' title='bbox 838 2303 998 2349; x_wconf 93' lang='lat' dir='ltr'>oculos</span> <span class='ocrx_word' id='word_1_265' title='bbox 1043 2304 1240 2365; x_wconf 86' lang='lat' dir='ltr'>inunge,</span> <span class='ocrx_word' id='word_1_266' title='bbox 1292 2301 1599 2362; x_wconf 88' lang='lat' dir='ltr'>gratulaberis</span> <span class='ocrx_word' id='word_1_267' title='bbox 1643 2315 1714 2347; x_wconf 90' lang='lat' dir='ltr'>re·</span> 
     </span>
     <span class='ocr_line' id='line_1_33' title="bbox 120 2370 1796 2434; baseline 0 -15"><span class='ocrx_word' id='word_1_268' title='bbox 120 2373 286 2420; x_wconf 90' lang='lat' dir='ltr'>medio.</span> <span class='ocrx_word' id='word_1_269' title='bbox 358 2373 524 2434; x_wconf 90' lang='lat' dir='ltr'>Vipera</span> <span class='ocrx_word' id='word_1_270' title='bbox 571 2374 670 2418; x_wconf 88' lang='lat' dir='ltr'>viva</span> <span class='ocrx_word' id='word_1_271' title='bbox 708 2373 910 2418; x_wconf 88' lang='lat' dir='ltr'>mittitur</span> <span class='ocrx_word' id='word_1_272' title='bbox 948 2374 995 2418; x_wconf 92' lang='lat' dir='ltr'>in</span> <span class='ocrx_word' id='word_1_273' title='bbox 1034 2386 1110 2418; x_wconf 87' lang='lat' dir='ltr'>vas</span> <span class='ocrx_word' id='word_1_274' title='bbox 1148 2386 1320 2418; x_wconf 90' lang='lat' dir='ltr'>novum</span> <span class='ocrx_word' id='word_1_275' title='bbox 1358 2370 1499 2417; x_wconf 87' lang='lat' dir='ltr'>fictile</span> <span class='ocrx_word' id='word_1_276' title='bbox 1539 2377 1584 2417; x_wconf 90' lang='lat' dir='ltr'>et</span> <span class='ocrx_word' id='word_1_277' title='bbox 1622 2371 1712 2417; x_wconf 89' lang='lat' dir='ltr'>adi—</span> <span class='ocrx_word' id='word_1_278' title='bbox 1744 2381 1796 2419; x_wconf 91' lang='lat'>88</span> 
     </span>
     <span class='ocr_line' id='line_1_34' title="bbox 121 2441 1712 2504; baseline -0.001 -16"><span class='ocrx_word' id='word_1_279' title='bbox 121 2444 243 2489; x_wconf 92' lang='lat' dir='ltr'>citur</span> <span class='ocrx_word' id='word_1_280' title='bbox 281 2444 323 2488; x_wconf 93' lang='lat' dir='ltr'>ei</span> <span class='ocrx_word' id='word_1_281' title='bbox 361 2445 461 2489; x_wconf 91' lang='lat' dir='ltr'>suci</span> <span class='ocrx_word' id='word_1_282' title='bbox 500 2441 690 2489; x_wconf 89' lang='lat' dir='ltr'>feniculi</span> <span class='ocrx_word' id='word_1_283' title='bbox 725 2441 917 2504; x_wconf 84' lang='lat' dir='ltr'>cyathus</span> <span class='ocrx_word' id='word_1_284' title='bbox 948 2456 1070 2488; x_wconf 91' lang='lat' dir='ltr'>unus</span> <span class='ocrx_word' id='word_1_285' title='bbox 1102 2447 1148 2487; x_wconf 88' lang='lat' dir='ltr'>et</span> <span class='ocrx_word' id='word_1_286' title='bbox 1179 2443 1297 2488; x_wconf 90' lang='lat' dir='ltr'>turis</span> <span class='ocrx_word' id='word_1_287' title='bbox 1328 2454 1522 2501; x_wconf 87' lang='lat' dir='ltr'>granum</span> <span class='ocrx_word' id='word_1_288' title='bbox 1554 2455 1712 2502; x_wconf 92' lang='lat' dir='ltr'>unum,</span> 
     </span>
     <span class='ocr_line' id='line_1_35' title="bbox 121 2510 1712 2573; baseline -0.002 -15"><span class='ocrx_word' id='word_1_289' title='bbox 121 2511 286 2558; x_wconf 87' lang='lat' dir='ltr'>deinde</span> <span class='ocrx_word' id='word_1_290' title='bbox 320 2527 398 2558; x_wconf 89' lang='lat' dir='ltr'>vas</span> <span class='ocrx_word' id='word_1_291' title='bbox 430 2511 676 2559; x_wconf 90' lang='lat' dir='ltr'>obturatur</span> <span class='ocrx_word' id='word_1_292' title='bbox 707 2511 866 2573; x_wconf 88' lang='lat' dir='ltr'>argilla</span> <span class='ocrx_word' id='word_1_293' title='bbox 899 2517 944 2557; x_wconf 92' lang='lat' dir='ltr'>et</span> <span class='ocrx_word' id='word_1_294' title='bbox 975 2510 1318 2557; x_wconf 86' lang='lat' dir='ltr'>circumlinitur</span> <span class='ocrx_word' id='word_1_295' title='bbox 1355 2516 1401 2557; x_wconf 91' lang='lat' dir='ltr'>et</span> <span class='ocrx_word' id='word_1_296' title='bbox 1438 2511 1486 2556; x_wconf 91' lang='lat' dir='ltr'>in</span> <span class='ocrx_word' id='word_1_297' title='bbox 1525 2510 1712 2557; x_wconf 87' lang='lat' dir='ltr'>furnum</span> 
     </span>
    </p>
   </div>
   <div class='ocr_carea' id='block_1_3' title="bbox 121 2670 1712 2782">
    <p class='ocr_par' dir='ltr' id='par_1_11' title="bbox 121 2670 1712 2782">
     <span class='ocr_line' id='line_1_36' title="bbox 233 2670 1712 2716; baseline -0.002 -1"><span class='ocrx_word' id='word_1_298' title='bbox 233 2678 256 2715; x_wconf 81' lang='lat'>2</span> <span class='ocrx_word' id='word_1_299' title='bbox 289 2676 337 2715; x_wconf 75' lang='lat' dir='ltr'>ut</span> <span class='ocrx_word' id='word_1_300' title='bbox 367 2673 558 2716; x_wconf 78' lang='lat' dir='ltr'>litterula</span> <span class='ocrx_word' id='word_1_301' title='bbox 587 2686 721 2715; x_wconf 81' lang='lat' dir='ltr'>erasa.</span> <span class='ocrx_word' id='word_1_302' title='bbox 868 2675 892 2713; x_wconf 89' lang='lat'>8</span> <span class='ocrx_word' id='word_1_303' title='bbox 923 2672 1165 2715; x_wconf 77' lang='lat' dir='ltr'>vetonicae.</span> <span class='ocrx_word' id='word_1_304' title='bbox 1313 2677 1363 2714; x_wconf 87' lang='grc'>13</span> <span class='ocrx_word' id='word_1_305' title='bbox 1394 2670 1597 2713; x_wconf 86' lang='lat' dir='ltr'>miscebis</span> <span class='ocrx_word' id='word_1_306' title='bbox 1634 2683 1712 2712; x_wconf 83' lang='lat' dir='ltr'>om.</span> 
     </span>
     <span class='ocr_line' id='line_1_37' title="bbox 121 2727 1390 2782; baseline 0 -13"><span class='ocrx_word' id='word_1_307' title='bbox 121 2733 174 2769; x_wconf 79' lang='lat'>20</span> <span class='ocrx_word' id='word_1_308' title='bbox 206 2728 469 2782; x_wconf 86' lang='lat' dir='ltr'>dequoques.</span> <span class='ocrx_word' id='word_1_309' title='bbox 585 2733 635 2770; x_wconf 89' lang='lat'>31</span> <span class='ocrx_word' id='word_1_310' title='bbox 668 2727 924 2782; x_wconf 80' lang='lat' dir='ltr'>gratulabis.</span> <span class='ocrx_word' id='word_1_311' title='bbox 1041 2733 1094 2770; x_wconf 81' lang='lat'>34</span> <span class='ocrx_word' id='word_1_312' title='bbox 1125 2727 1390 2770; x_wconf 84' lang='lat' dir='ltr'>circumline.</span> 
     </span>
    </p>
   </div>
  </div>
 </body>
</html>
