1898 3016
754 72 1090 123 -55-

128 206 267 251 mixta
306 204 354 248 in
390 201 576 248 vasculo
615 203 763 248 vitreo
801 199 1033 263 hahenda3
1079 214 1185 247 cum
1229 214 1422 247 necesse
1461 201 1572 262 erit,
1609 214 1716 246 con-

129 271 418 334 spergendus
455 274 502 318 in
541 271 722 318 balineo
761 271 901 333 capiti
938 270 1014 317 hic
1051 269 1203 330 pulvis
1238 269 1308 315 vel
1338 269 1575 331 membris,
1606 269 1718 316 dum

129 342 277 389 adhuc
316 343 438 387 sicca
476 348 603 403 sunt,
642 341 688 387 id
728 347 799 387 est
836 346 1082 401 antequam
1122 339 1303 402 sudent,
1342 345 1388 385 et
1425 339 1718 400 perfricanda

129 412 403 473 diutissime,
441 417 746 471 posteaquam
782 409 1020 472 pulverem
1059 409 1401 471 consperseris3
1451 407 1619 455 dehinc
1657 408 1718 454 la-

83 492 105 524 5
128 481 325 528 vandum
363 486 502 541 caput
540 481 587 526 in
626 480 778 527 calore
817 479 983 541 frigida
1021 493 1138 540 aqua
1176 484 1222 524 et
1259 477 1620 541 observandum,
1659 493 1717 524 ne

126 553 174 597 in
212 550 403 597 calidam
442 556 580 610 caput
618 564 820 612 mergas3
866 550 914 595 in
952 548 1167 609 frigidam
1205 562 1341 611 sane,
1387 549 1604 609 quotiens
1643 563 1716 594 vo-

126 619 284 682 lueris,
330 633 485 679 merge
532 627 578 665 et
614 626 774 680 postea
812 618 982 665 sabano
1023 618 1269 679 diligenter
1307 619 1500 664 exsicca.
1576 617 1716 664 Con-

127 690 298 736 fectio
352 690 468 735 sive
521 688 827 749 dispositio
881 688 1196 749 emplastri,
1243 689 1337 734 cui
1385 686 1719 734 vocabulum

126 765 211 806 est
249 759 576 805 dictamnos.
651 757 882 804 Dictamni
919 764 1034 818 part.
1075 756 1217 818 XXV,
1256 756 1554 803 chamaemeli
1601 762 1718 817 part.

64 839 104 870 ιο
128 827 267 890 XIIII,
299 827 506 889 sphagnu
539 834 655 889 part.
688 827 822 889 VIIII,
861 829 1019 888 cyperi
1049 833 1164 888 part.
1198 825 1290 888 Vll,
1320 825 1446 887 poliu
1478 832 1594 887 part.
1620 825 1719 888 XII,

125 897 241 945 lithu
294 904 459 958 gagatu
519 904 635 958 part.
681 896 778 959 VII,
835 911 969 943 cerae
1021 897 1153 942 rufae
1206 902 1323 956 part.
1369 894 1475 957 XII,
1536 897 1718 941 resinae

124 967 465 1014 terebinthinae
502 974 618 1028 part.
651 965 796 1028 XIIII,
842 967 1153 1012 ammoniacae
1191 970 1348 1025 guttae
1388 970 1504 1026 part.
1536 963 1717 1022 XXXV,

124 1036 370 1098 propoleos
415 1042 531 1097 part.
569 1035 672 1099 XII,
717 1035 944 1098 psimithii
987 1042 1103 1096 part.
1142 1034 1253 1098 XII,
1299 1034 1560 1081 chalcanthi
1598 1041 1715 1095 part.

126 1105 313 1168 XXIIII,
358 1106 541 1166 galbani
584 1112 700 1167 part.
739 1105 878 1169 XXV,
926 1105 1269 1166 chamaepityos
1314 1109 1431 1165 part.
1470 1103 1592 1166 VIII,
1637 1105 1718 1150 tri-

62 1186 102 1218 15
127 1175 221 1222 folii
272 1183 387 1237 part.
432 1176 536 1238 IIII,
588 1174 826 1236 pentafolii
870 1181 986 1235 part.
1033 1174 1137 1237 IIII,
1189 1173 1479 1220 aristolociae
1528 1187 1718 1235 grossae

124 1251 239 1306 part.
272 1244 457 1308 XXXV,
509 1251 787 1292 centaureae
839 1251 917 1291 aut
966 1245 1208 1304 gentianae
1254 1250 1371 1304 part.
1403 1242 1509 1306 XII,
1558 1242 1716 1289 lithar-

124 1317 224 1376 gyri
260 1322 376 1376 part.
408 1314 501 1377 CL,
539 1316 720 1360 resinae
759 1313 1014 1360 colofoniae
1051 1320 1167 1374 part.
1207 1313 1263 1375 L,
1302 1327 1382 1374 ges
1421 1311 1713 1373 ampelitidos

124 1391 240 1445 part.
278 1383 403 1446 XXI,
448 1386 566 1444 picis
603 1384 810 1430 Bruttiae
849 1383 921 1430 vel
959 1385 1130 1444 siccae,
1177 1384 1216 1429 si
1261 1397 1316 1443 ge
1355 1382 1584 1443 ampelitis
1623 1396 1718 1428 non

0 1494 1 1497 ,
125 1454 287 1516 fuerit,
340 1460 454 1514 part.
495 1453 597 1515 XII,
649 1453 828 1514 lepidos
874 1452 1059 1514 chalcu,
1110 1452 1156 1498 id
1203 1458 1273 1498 est
1319 1466 1538 1513 squamae
1590 1451 1718 1512 ferri,

61 1533 102 1565 πο
123 1530 241 1584 part.
273 1522 435 1584 XVIII,
481 1522 719 1584 diphrygis
763 1528 880 1583 part.
920 1521 1043 1584 VIII,
1089 1521 1213 1567 aloes
1258 1528 1375 1582 part.
1407 1520 1529 1583 XVI,
1575 1520 1718 1566 libani

124 1592 439 1639 candidissimi
475 1598 592 1654 part.
625 1591 731 1654 XII,
770 1593 1050 1652 opopanacis
1088 1597 1204 1652 part.
1243 1590 1344 1653 VII,
1385 1590 1717 1652 chamaedryos

123 1668 238 1723 part.
279 1661 382 1723 XII,
433 1661 658 1708 marrubii
702 1667 818 1723 part.
858 1661 961 1719 XII,
1013 1662 1275 1708 artemisiae
1328 1667 1444 1722 part.
1483 1659 1588 1722 IIII,
1634 1661 1717 1706 iris

123 1730 331 1792 Illyricae
376 1738 491 1792 part.
523 1731 621 1793 VII,
665 1731 944 1778 libanotidos
982 1737 1099 1792 part.
1131 1730 1208 1793 VI,
1254 1730 1344 1776 olei
1389 1732 1559 1776 veteris
1598 1735 1716 1790 part.

125 1799 320 1863 XLVIII,
350 1803 531 1847 resinae
562 1802 768 1861 pituinae
791 1807 908 1862 part.
932 1799 1075 1863 XXII,
1104 1800 1268 1846 chalcu
1292 1814 1577 1846 cecaumenu
1600 1804 1717 1860 part.

62 1881 103 1913 25
128 1869 285 1933 XVIII,
315 1870 448 1917 miltu
478 1876 594 1930 part.
618 1869 716 1931 XII,
748 1869 1018 1916 chalcitidos
1052 1876 1167 1931 part.
1192 1869 1246 1933 X,
1278 1884 1458 1930 myrrae
1483 1875 1600 1929 part.
1626 1867 1718 1930 VII,

78 1947 80 1950 ’
126 1942 188 2001 iu,
220 1940 265 1986 id
298 1946 366 1986 est
391 1941 639 2000 aeruginis,
669 1946 786 2000 part.
811 1939 844 1986 Ι.
901 1939 1063 1986 Oleum
1097 1946 1243 2001 vetus,
1275 1945 1500 1999 quantum
1530 1940 1718 1985 mitten-

126 2009 237 2055 dum
275 2009 416 2055 fuerit
453 2024 536 2070 pro
575 2009 711 2055 modo
750 2011 1012 2070 specierum
1050 2023 1191 2070 supra
1229 2010 1523 2070 scriptarum,
1560 2009 1719 2054 mittes

126 2080 174 2124 in
212 2078 347 2125 ollam
386 2093 548 2125 novam
587 2086 633 2125 et
671 2078 912 2125 calefacies
950 2078 1044 2124 leni
1081 2078 1262 2124 flamma
1302 2077 1372 2124 vel
1401 2079 1557 2139 potius
1598 2079 1719 2139 igne,

127 2154 238 2194 tunc
269 2150 440 2210 mittes,
473 2148 552 2194 sed
584 2147 803 2209 paulatim
835 2148 892 2194 de
924 2162 1064 2194 manu
1093 2149 1382 2209 inspergens,
1414 2146 1719 2208 lithargyrum

64 2229 105 2260 30
128 2217 246 2264 bene
271 2220 435 2265 tritum
462 2224 508 2264 et
532 2217 722 2264 adsidue
751 2217 1035 2278 spathomela
1061 2217 1269 2279 agitabis,
1294 2231 1539 2278 quousque
1565 2215 1719 2262 oleum

125 2287 238 2334 illud
276 2289 339 2334 ita
377 2288 624 2350 inficiatur,
662 2293 714 2333 ut
748 2287 951 2333 colorem
984 2286 1226 2347 lithargyri
1255 2286 1408 2332 trahat
1438 2292 1485 2332 et
1515 2285 1718 2346 aliquan-

126 2356 275 2403 tulum
315 2359 578 2418 spissescat‚
616 2364 778 2417 postea
808 2363 886 2403 aut
916 2359 1068 2417 picem
1098 2355 1327 2402 Bruttiam
1359 2357 1515 2402 tritam
1546 2356 1718 2417 mittes,

239 2495 263 2532 9
295 2491 557 2533 ehamemili.
688 2495 739 2532 10
771 2496 942 2543 stagna.
1076 2494 1123 2530 11
1157 2489 1279 2531 rufae
1311 2502 1389 2532 om.
1523 2493 1574 2530 12
1605 2492 1718 2530 tere-

128 2545 348 2588 bentinae.
464 2546 702 2589 ammuniei
731 2548 871 2600 gutta.
992 2550 1038 2586 13
1071 2543 1296 2598 psimithii.
1395 2548 1445 2585 18
1477 2545 1609 2586 durae
1634 2556 1719 2598 pro

127 2600 338 2643 Bruttiae.
462 2616 551 2656 ges.
672 2607 720 2644 19
755 2613 948 2654 squama..
1073 2605 1126 2641 20
1159 2600 1360 2653 difryges.
1493 2599 1717 2642 marruvii.

127 2661 180 2752 ¹‚5330
226 2657 471 2711 spatomeli.
615 2662 666 2699 31
709 2658 755 2699 in
791 2658 890 2700 add.
935 2661 1035 2699 ante
1071 2656 1407 2709 aliquantulum.
1552 2659 1604 2698 32
1642 2654 1719 2696 tri-

150 2725 219 2754 am
243 2725 320 2754 om.

1751 625 1801 663 18

1751 1946 1801 1982 19
