1898 3016
789 110 1162 160 -221—

175 242 358 289 stineat.
424 239 642 286 Dolorem
680 238 836 286 cordis
872 237 994 285 levat
1030 238 1202 299 cymini
1238 237 1499 299 Aethiopici
1540 251 1771 284 comman·
1804 246 1827 284 7

176 311 334 358 ducati
364 324 507 357 sucus
537 310 810 371 frequenter
839 309 1158 356 transmissus.
1198 307 1458 353 Adversum
1492 307 1647 353 cordis
1670 306 1770 368 pul·
1802 315 1827 354 8

177 395 280 428 sum
311 378 384 426 vel
413 379 619 426 dolorem
650 380 823 426 mirum
852 378 1126 439 remedium,
1157 376 1280 438 quod
1305 378 1354 423 in
1377 376 1557 423 lamella
1581 382 1772 437 stagnea

175 449 375 498 scribes:
407 451 672 511 Καρυανκω
700 452 999 510 Καρυανκων
1028 450 1325 507 Καρυανκων
1354 451 1402 492 et
1430 446 1771 508 phylacterium

129 533 153 567 5
175 519 232 567 de
269 525 451 566 storace
490 518 828 579 subfumigabis
866 524 912 565 et
941 520 989 564 in
1020 517 1137 564 collo
1169 531 1226 563 ex
1256 516 1363 563 licio
1395 515 1677 578 suspendes3
1710 518 1774 562 ita

175 589 401 651 proderit,
438 595 491 635 ut
529 594 731 649 stupeas.

314 658 384 705 Ad
415 658 622 704 dolorem
653 657 1036 718 praecordiorum
1067 656 1345 717 cataplasma
1376 656 1636 717 egregium:
1667 654 1774 701 Lini
1804 665 1828 702 9

175 729 368 775 seminis
406 729 661 774 sextarium
698 741 858 789 unum,
896 726 1089 773 feniculi
1118 727 1310 772 seminis
1341 727 1597 772 sextarium
1628 739 1775 771 unum

47 847 55 855 ‚
176 812 232 844 ex
277 812 394 859 aqua
439 797 588 843 mulsa
633 797 866 857 decoques
912 803 958 842 et
1002 797 1050 842 in
1094 810 1247 856 panno
1293 795 1440 842 calido
1485 794 1774 856 praecordiis

37 894 51 919 ς(
113 883 154 914 10
177 869 364 929 saepius
402 865 670 929 adplicabis,
709 868 824 913 mire
861 865 1085 927 proderit.

316 935 538 983 Cerotum
574 935 706 982 valde
744 936 907 982 efficax
937 935 992 982 ad
1032 935 1187 982 cordis
1225 934 1453 982 dolorem:
1490 933 1634 980 Cerae
1666 933 1772 980 seli·
1808 943 1859 980 10

175 1006 322 1069 bram,
358 1005 448 1052 olei
478 1007 661 1067 cyprini
691 1005 923 1067 selibram,
955 1004 1158 1051 absinthi
1188 1004 1369 1051 Pontici
1401 1002 1633 1050 selibram.
1685 1003 1775 1050 Ab-

176 1076 402 1123 sinthium
445 1075 638 1138 tundes,
686 1090 840 1123 ceram
887 1077 1100 1122 remittes
1145 1080 1192 1120 et
1236 1073 1543 1135 permiscebis
1587 1088 1641 1120 ac
1687 1087 1775 1134 pro

177 1151 337 1193 ceroto
374 1147 536 1192 uteris.

114 1231 154 1263 15
318 1214 410 1269 Qui
446 1214 832 1276 praecordiorum
869 1214 1034 1260 ardore
1072 1219 1321 1276 vexantur,
1366 1215 1407 1259 si
1444 1214 1582 1259 etiam
1619 1211 1775 1258 febres
1809 1221 1859 1258 11

179 1291 225 1332 et
253 1284 509 1331 lumbricos
538 1284 752 1346 habeant,
781 1284 870 1330 hoc
902 1284 1109 1330 remedio
1141 1283 1450 1330 sanabuntur:
1489 1281 1638 1328 Ovum
1671 1296 1776 1328 cru·

179 1355 288 1402 dum
321 1356 565 1401 summiter
595 1359 808 1415 apertum
841 1355 1077 1400 exinanies
1108 1353 1249 1414 idque
1272 1351 1488 1414 implebis
1512 1351 1614 1398 oleo
1639 1351 1777 1398 viridi

180 1430 226 1471 et
271 1423 499 1470 defundes
545 1429 592 1470 et
636 1423 749 1470 lotio
788 1425 978 1485 virginis
1023 1425 1161 1484 pueri
1196 1422 1412 1483 implebis
1451 1427 1498 1468 et
1535 1421 1777 1484 defundes,

179 1500 279 1540 tum
318 1493 490 1540 adicies
527 1508 694 1554 parum
731 1492 880 1539 mellis
918 1499 964 1539 et
1000 1495 1049 1539 in
1086 1507 1232 1539 unum
1268 1507 1375 1539 cum
1413 1493 1488 1537 ovi
1521 1493 1671 1553 ipsius
1707 1493 1776 1537 in-

116 1577 158 1607 20
181 1563 434 1610 terioribus
471 1562 777 1624 permiscebis
816 1571 863 1609 et
898 1562 1155 1624 potandum
1192 1563 1350 1608 ieiuno
1390 1561 1535 1608 dabis.
1594 1560 1693 1607 Hoc
1732 1566 1779 1607 et

181 1639 365 1680 stercus
402 1634 770 1680 vetustissimum
802 1639 848 1679 et
877 1632 1132 1679 lumbricos
1163 1633 1327 1678 noxios
1358 1631 1490 1692 pellit
1519 1636 1567 1677 et
1596 1630 1779 1677 febrem

180 1705 497 1750 acutissimam
534 1702 721 1749 relevat,

319 1772 458 1819 Bulbi
502 1773 683 1819 excocti
728 1773 828 1819 triti
871 1771 992 1818 inliti
1032 1778 1266 1818 tumorem
1302 1770 1686 1832 praecordiorum
1732 1775 1780 1816 et
1811 1780 1861 1817 12

181 1844 358 1888 ventris
395 1841 651 1888 emolliunt.
706 1842 821 1888 Item
853 1842 1083 1903 proficies,
1122 1843 1162 1887 si
1192 1842 1393 1887 ocimum
1426 1842 1613 1887 triveris
1645 1846 1693 1886 et
1723 1854 1777 1886 eo

119 1924 160 1956 25
183 1911 454 1972 praecordia
506 1913 703 1971 spissius
754 1911 986 1957 inleveris.
1060 1910 1272 1956 Feniculi
1323 1910 1470 1956 farina
1517 1923 1625 1956 cum
1675 1911 1780 1971 pari
1812 1919 1863 1957 13

185 1995 404 2027 mensura
434 1980 584 2027 mellis
616 1980 807 2027 decocta
838 1983 986 2027 ceroti
1016 1981 1153 2026 modo
1191 1994 1344 2041 panno
1382 1979 1598 2026 inlinitur
1629 1985 1676 2026 et
1705 1993 1779 2026 ca-

183 2050 285 2096 lens
323 2052 497 2097 tumori
532 2050 913 2112 praecordiorum
951 2051 1222 2111 imponitur.

322 2119 543 2181 Malagma
590 2120 645 2166 ad
690 2119 1073 2180 praecordiorum
1117 2121 1380 2166 tensionem
1425 2125 1472 2165 et
1512 2120 1689 2165 ventris
1726 2133 1780 2165 ac
1813 2128 1866 2165 14

186 2190 415 2236 stomachi
460 2190 682 2236 duritiem
728 2189 954 2235 diutinam
1000 2203 1106 2236 cum
1151 2189 1331 2251 dolore,
1377 2188 1501 2249 quod
1546 2195 1593 2235 et
1637 2189 1782 2234 iecori

121 2273 162 2303 30
187 2265 234 2306 et
270 2258 383 2306 lieni
420 2259 625 2321 prodest,
662 2259 909 2305 conficitur
947 2261 1034 2305 sic:
1081 2258 1223 2305 Cerae
1261 2258 1309 2305 P.
1341 2258 1374 2319 l,
1415 2265 1571 2319 guttae
1611 2272 1780 2304 ammo-

186 2330 309 2376 niaci
346 2328 393 2376 P.
424 2328 463 2391 Ι,
503 2330 585 2375 iris
623 2328 832 2390 Illyricae
870 2328 909 2374 X
940 2327 1090 2391 XXII,
1131 2330 1412 2389 opopanacis
1449 2327 1489 2373 X
1520 2327 1616 2389 XX,
1654 2329 1783 2374 anesi

185 2398 226 2444 X
257 2398 394 2459 XXV,
432 2399 723 2459 faenograeci
755 2400 946 2444 seminis
976 2397 1016 2443 X
1046 2397 1183 2460 XXV,
1220 2399 1402 2444 resinae
1441 2397 1782 2444 terebinthinae

185 2468 235 2514 P.
267 2467 324 2531 L,
369 2468 517 2530 adipis
563 2469 723 2515 suillae
769 2470 940 2514 veteris
978 2467 1026 2514 P.
1058 2468 1114 2530 L,
1161 2469 1282 2514 aceti
1318 2468 1440 2514 acris
1470 2465 1519 2513 *S*
1550 2466 1590 2529 Ι,
1631 2467 1782 2514 mellis

185 2537 234 2584 P.
265 2537 320 2584 II.
381 2537 472 2584 Mel
509 2553 615 2585 cum
653 2543 784 2585 aceto
822 2537 1199 2599 permiscendum
1239 2543 1310 2583 est
1346 2542 1486 2598 atque
1522 2536 1618 2584 illic
1655 2537 1783 2584 arida

328 2702 353 2740 2
398 2700 682 2741 transmissus
727 2701 806 2743 est.
979 2705 1005 2742 4
1045 2699 1317 2741 filacterium.
1490 2703 1515 2742 8
1559 2698 1782 2741 faeniculi.

187 2759 240 2797 33
273 2754 319 2798 P.
342 2753 396 2810 L]
427 2769 470 2809 p.
500 2753 542 2796 X
564 2755 597 2796 L
630 2755 825 2798 Scribon.
942 2761 996 2798 34
1026 2755 1133 2810 mel]
1163 2756 1307 2798 melle.
