1898 3016
445 0 451 2 ,
699 34 708 41 ,
1256 74 1257 77 ,
1619 0 1898 91 -Ἶ

778 187 829 193 ——
917 159 1154 209 180-—

79 295 133 333 30
164 286 288 332 sicut
318 291 532 332 cerotum
561 285 751 333 linteolo
782 286 1020 333 inductam
1045 288 1206 348 inponi
1229 294 1426 349 oportet.
1474 288 1539 335 De
1564 304 1758 352 parony-

76 505 128 542 31

76 853 129 891 32

162 354 267 402 chia
303 356 530 417 parietem
569 358 812 417 continges
857 363 903 403 et
948 371 1137 403 rursum
1183 356 1380 418 digitum
1417 358 1593 406 ducens
1631 359 1758 406 dices

160 431 256 472 ter:
278 424 347 472 Pu
371 439 434 486 pu
458 440 537 488 pu,
560 441 816 488 numquam
841 440 924 487 ego
949 432 994 472 te
1021 426 1197 473 videam
1221 441 1306 488 per
1327 429 1555 484 parietem
1578 443 1757 490 repere.

301 494 370 542 Ad
409 495 661 557 digitorum
700 502 746 543 et
784 495 1088 543 articulorum
1126 495 1392 543 subluvium
1429 498 1500 544 vel
1531 513 1756 560 suppura-

160 565 336 611 tionem
382 565 632 612 sedandam
677 571 988 612 atramentum
1033 568 1334 628 scriptorium
1380 582 1435 613 ex
1477 575 1607 615 aceto
1646 575 1801 615 tem-5

159 648 272 696 pera
310 640 356 681 et
394 635 450 681 de
485 634 677 696 pinnula
714 635 859 682 inline
900 635 1098 697 digitum
1129 636 1201 682 vel
1230 637 1479 684 articulum
1511 638 1759 703 dolentem,

160 704 378 751 lucernae
427 719 613 766 quoque
658 705 853 767 fungum
899 712 1090 753 contere
1142 712 1188 754 et
1232 708 1403 769 inpone
1448 707 1758 770 paronychiae

160 773 232 821 vel
269 774 415 834 digito
454 781 666 822 contuso,

303 844 369 891 Ad
401 844 549 892 cubiti
579 847 740 892 vitium
772 845 844 892 vel
875 845 1082 893 dolorem
1113 860 1278 907 spuma
1309 849 1491 908 argenti
1517 849 1627 895 trita
1652 863 1759 896 cum

160 912 262 960 oleo
300 928 493 961 rosaceo
532 915 772 977 emplastri
808 915 944 964 modo
983 915 1162 964 utiliter
1199 916 1483 965 admovetur.

795 1068 918 1116 CAP.
950 1068 1126 1116 XVIIII.

158 1155 243 1198 Ad
278 1155 546 1198 lichenem
582 1155 692 1198 sive
730 1159 1066 1210 mentagram
1101 1157 1191 1200 vel
1226 1157 1573 1211 inpetiginem
1609 1160 1661 1202 et
1691 1160 1760 1202 ad

160 1225 568 1278 elephantiasim
605 1227 660 1268 et
695 1225 900 1279 lepram
937 1228 991 1269 et
1028 1227 1407 1270 exanthemata
1440 1230 1493 1271 et
1521 1228 1759 1272 maculas

160 1296 215 1337 et
243 1294 440 1337 livores
462 1296 812 1349 tumoresque
835 1297 903 1339 de
926 1296 1062 1339 facie
1092 1296 1384 1339 abolendos
1415 1300 1469 1340 et
1499 1299 1568 1341 ad
1598 1309 1759 1351 genas

159 1365 374 1407 scabras
413 1366 467 1407 et
504 1364 777 1409 cicatrices
812 1366 1080 1409 malarum
1116 1368 1421 1420 purgandas
1460 1369 1514 1410 et
1552 1369 1621 1410 ad.
1649 1369 1757 1411 len-

158 1434 350 1487 tigines
403 1436 458 1477 et
501 1435 749 1487 stigmata
800 1436 1030 1479 delenda
1080 1447 1442 1490 verrucaeque
1493 1438 1759 1481 tollendas

305 1504 544 1547 remedia
579 1505 914 1548 rationabilia
952 1508 1005 1549 et
1041 1506 1261 1560 physica
1298 1507 1508 1550 diversa
1545 1508 1611 1550 de

761 1575 1157 1629 experimentis.

299 1680 368 1727 Ad
406 1680 638 1728 lichenem
677 1684 772 1728 sive
803 1688 1106 1746 mentagram‚
1145 1683 1268 1744 quod
1300 1684 1462 1730 vitium
1492 1684 1758 1745 neglectum

159 1750 278 1798 solet
322 1765 408 1811 per
454 1757 597 1798 totam
642 1751 806 1798 faciem
852 1758 898 1799 et
942 1767 1026 1814 per
1070 1758 1222 1800 totum
1266 1767 1438 1814 corpus
1483 1768 1674 1815 serpere
1713 1762 1757 1801 et

159 1819 320 1882 plures
357 1821 570 1868 homines
601 1823 869 1885 inquinare3
908 1837 1014 1869 nam
1046 1821 1252 1869 Soranus
1283 1822 1493 1870 medicus
1525 1824 1756 1885 quondam
1840 1885 1846 1889 .

160 1890 376 1938 ducentis
421 1891 690 1938 hominibus
734 1891 823 1939 hoc
867 1892 1031 1939 morbo
1076 1892 1396 1940 laborantibus
1442 1894 1660 1941 curandis
1709 1896 1758 1940 in

158 1960 406 2021 Aquitania
444 1975 492 2007 se
523 1961 704 2008 locavit.
764 1961 884 2010 Huic
916 1977 1026 2023 ergo
1057 1962 1312 2010 valetudini
1341 1964 1540 2010 maxime
1571 1964 1757 2011 meden-

159 2036 238 2076 tur
283 2031 578 2078 cantharides
622 2033 759 2078 tritae
806 2039 852 2079 et
891 2032 1049 2079 inlitae
1088 2047 1195 2079 cum
1234 2047 1346 2079 suco
1385 2047 1500 2080 uvae
1537 2033 1756 2081 Amineae

159 2105 208 2146 et
244 2114 351 2146 cum
389 2115 498 2147 sevo
537 2102 635 2155 ovis
673 2101 745 2148 vel
782 2117 962 2164 caprae,
1001 2103 1082 2149 sed
1121 2104 1251 2164 prius
1287 2102 1401 2149 facie
1432 2102 1524 2149 lota
1556 2110 1603 2150 et
1633 2105 1756 2150 nitro

159 2169 407 2230 diligenter
439 2176 599 2218 curata
622 2172 912 2219 medicamen
935 2173 1205 2234 imponitur.
1250 2172 1404 2232 Adeps
1429 2172 1559 2219 vituli
1590 2174 1758 2219 marini

158 2240 359 2301 inposita
391 2247 656 2303 mentagrae
686 2241 941 2303 plurimum
964 2242 1169 2305 prodest.
1221 2241 1404 2289 Ficulni
1427 2241 1582 2289 caules
1607 2244 1758 2289 teneri

300 2407 324 2443 5
349 2403 627 2456 scriptorium
644 2404 908 2458 Stephanus.-
931 2403 1192 2458 scriptorum
1218 2401 1469 2446 Gornarius.
1547 2409 1596 2446 13
1619 2405 1753 2447 Hunc

159 2457 297 2501 locum
327 2463 404 2501 aut
432 2460 573 2512 ipsius
602 2460 806 2503 Marcelli
835 2465 913 2502 aut
944 2460 1119 2503 librarii
1146 2460 1409 2513 myleyentia
1438 2461 1628 2513 qraviter
1658 2473 1748 2504 cor-

158 2517 335 2567 ruptum
371 2527 457 2557 esse
493 2528 514 2558 e
548 2515 678 2558 Plini
713 2521 802 2558 nat.
833 2517 930 2559 hist.
964 2514 1159 2567 XXVI,
1189 2518 1216 2556 4
1253 2519 1455 2568 apparet,
1493 2517 1617 2558 cuius
1653 2517 1755 2559 haec

158 2573 262 2611 sunt
283 2571 431 2613 verba:
462 2573 631 2613 certum
653 2574 723 2614 est
744 2572 974 2613 Manilium
999 2570 1239 2613 Cornutum
1265 2582 1287 2611 e
1311 2571 1529 2624 praetoris
1554 2572 1751 2626 legatum

160 2639 454 2691 Aquitanicae
483 2640 736 2695 provinciae
760 2642 830 2684 HS
856 2641 923 2684 CC
955 2640 1149 2683 elocasse
1180 2640 1226 2680 in
1256 2652 1308 2682 eo
1335 2641 1488 2683 morbo
1514 2641 1754 2683 curandum

160 2705 271 2743 sese3
296 2696 352 2746 cf.
368 2695 683 2739 Pseudo-Plin.
709 2698 760 2740 de
780 2698 926 2740 medic.
943 2696 975 2748 1,
992 2700 1042 2738 18
1061 2696 1139 2749 (ed.
1158 2695 1304 2748 Ros.):
1329 2694 1519 2739 Manlius
1536 2696 1753 2740 Cornutus

189 2750 337 2792 raetor
365 2752 619 2804 provinciae
640 2752 932 2806 Aquitanicae
963 2752 1137 2807 legatus
1161 2750 1299 2807 <HS>
1322 2750 1386 2794 CC
1419 2752 1465 2794 in
1493 2753 1577 2795 hoc
1600 2754 1754 2795 morbo

179 2804 325 2848 ocavit
356 2819 401 2848 se
433 2808 687 2850 curandum.

1781 931 1822 962 10

1781 1976 1821 2007 15
