1898 3016
803 104 1147 154 „44-

179 248 268 295 que
307 247 361 279 eo
399 233 748 294 porriginosum
787 239 833 279 et
869 233 1136 279 ulcerosum
1167 239 1307 293 caput
1344 239 1505 280 contra
1542 232 1688 294 pilum
1727 239 1775 280 61

93 314 144 351 31
177 309 337 364 postea
375 302 548 349 lavabis
586 304 635 348 in
666 302 844 350 balneo,
905 301 1173 363 Conpositio
1213 303 1386 364 optima
1418 310 1464 350 et
1494 309 1685 364 experta
1717 303 1773 349 ad

178 374 287 419 vitia
318 373 484 433 capitis
516 374 668 419 omnia
701 386 843 432 supra
874 374 1069 432 scripta:
1107 371 1313 418 Pumicis
1343 373 1543 434 unciam,
1573 374 1774 419 castorei

181 468 240 475 -—
275 441 326 504 V,
364 456 555 503 spumae
587 444 767 502 argenti
802 468 861 474 -—
889 441 960 502 VI,
999 443 1159 503 cyperi
1190 469 1256 474 —
1280 441 1356 504 Ill,
1393 457 1576 504 myrrae
1611 468 1669 474 —
1697 441 1774 504 111,

178 511 464 573 myrobalani
505 538 564 545 -
599 511 704 573 1111,
744 511 987 572 sulphuris
1025 513 1116 557 vivi
1156 538 1214 544 —·
1250 511 1290 574 I;
1328 513 1481 558 omnia
1520 511 1688 558 tundes
1727 518 1774 558 et

179 581 407 628 cribrabis
453 588 499 627 et
542 582 787 642 permixtis
838 596 923 642 pro
976 580 1247 642 aphronitro
1299 583 1346 627 in
1396 581 1561 628 balneo
1614 583 1775 628 uteris.

94 662 146 699 32
178 652 340 713 Adipis
380 652 551 697 veteris
590 650 751 697 suillae
789 650 837 696 P.
870 650 889 696 I
927 656 973 698 et
1009 652 1127 712 picis
1166 651 1349 698 cedriae
1387 651 1436 698 P.
1471 651 1489 697 Ι
1533 653 1640 711 igne
1685 651 1776 697 dis-

179 721 351 783 solves,
397 727 496 767 tum
543 720 781 781 staphidos
827 722 981 781 agriae
1026 727 1192 768 tunsae
1238 722 1423 768 unciam
1467 719 1686 767 miscebis
1732 727 1778 767 et

178 797 285 837 ante
322 791 484 836 horam
517 805 656 852 quam
687 790 743 837 ad
773 789 991 837 balneum
1021 791 1158 837 vadas
1196 793 1259 838 ita
1297 796 1438 852 caput
1474 792 1598 837 vitiis
1637 804 1777 852 supra

180 862 369 921 scriptis
406 859 622 907 laborans
661 866 822 907 contra
861 860 1006 921 pilum
1044 860 1255 923 fricabis,
1293 866 1347 907 ut
1389 860 1591 907 insideat
1634 860 1775 906 medi-

180 936 460 993 camentum,
499 930 622 991 quod
662 945 756 976 non
795 936 900 977 ante
939 930 1089 977 dilues
1128 945 1266 991 quam
1305 930 1360 976 ad
1399 930 1567 976 solium
1605 932 1776 976 venias.

181 1000 230 1047 Si
254 1006 410 1047 autem
442 1000 738 1047 medicamini
767 999 878 1046 huic
910 1000 1136 1047 adieceris
1161 1000 1313 1047 ladani
1337 1000 1608 1062 scripulum,
1639 1000 1777 1061 capil-

95 1081 147 1118 33
179 1070 276 1117 lum
313 1072 495 1116 nutries
532 1069 865 1131 pulchriorem.
920 1069 1148 1116 Furfures
1182 1072 1346 1132 capitis
1385 1069 1778 1132 extenuabuntur,

180 1142 220 1186 si
264 1146 474 1186 stercore
518 1141 705 1186 murino
757 1139 1006 1200 liquefacto
1059 1141 1107 1186 in
1160 1146 1290 1186 aceto
1337 1147 1476 1200 caput
1518 1141 1567 1185 in
1613 1139 1777 1186 balneo

95 1219 149 1257 34
180 1210 500 1271 perfricueris.
572 1208 707 1256 Lotio
761 1210 944 1255 taurino
990 1215 1131 1270 caput
1176 1211 1216 1256 si
1259 1209 1447 1272 laveris,
1491 1211 1776 1270 porriginem

95 1290 148 1327 35
179 1280 546 1326 vetustissimam
583 1278 716 1325 tollit.
775 1277 1015 1325 Vetustam
1053 1281 1339 1340 porriginem
1370 1281 1486 1325 mire
1518 1279 1708 1342 adimes,
1740 1281 1779 1325 si

178 1348 351 1396 herbae
389 1348 680 1411 cyclaminis,
723 1348 770 1395 id
808 1354 880 1395 est
917 1348 1216 1412 orbicularis,
1265 1364 1377 1396 suco
1425 1348 1663 1411 sulphuris
1702 1348 1779 1395 ali-

181 1425 404 1480 quantum
443 1420 691 1465 miscueris
730 1424 776 1465 et
814 1418 875 1464 fel
913 1419 1167 1465 scrofinum
1217 1425 1356 1480 atque
1401 1419 1509 1465 inde
1555 1424 1695 1480 caput
1731 1420 1779 1465 in

96 1499 148 1537 36
180 1489 345 1536 balneo
383 1489 502 1535 hene
540 1488 831 1550 perfricabis.
892 1488 1058 1535 Ulcera
1096 1490 1261 1549 capitis
1296 1488 1449 1535 subito
1481 1495 1586 1535 nata
1617 1503 1779 1535 sanan-

180 1567 278 1621 tur,
325 1560 366 1605 si
410 1560 529 1605 asini
573 1559 797 1604 stercoris
843 1573 956 1604 suco
1002 1565 1048 1604 et
1092 1558 1248 1605 scillae
1287 1560 1513 1605 contritae
1554 1564 1778 1619 quantum

183 1631 295 1676 satis
327 1628 561 1675 videbitur
592 1634 639 1674 et
669 1627 871 1674 bubulae
900 1628 1048 1689 adipis
1071 1628 1345 1675 tantundem
1370 1630 1616 1675 miscueris
1639 1634 1778 1689 atque

1799 872 1841 903 10

1802 1219 1841 1252 15

1801 1570 1843 1600 20

97 1708 149 1745 37
183 1699 238 1745 ad
278 1699 444 1760 capitis
482 1697 644 1744 ulcera
681 1697 823 1744 veluti
861 1705 1020 1744 ceroto
1058 1713 1172 1745 usus
1211 1699 1370 1745 fueris.
1430 1697 1512 1744 Fel
1544 1699 1778 1745 taurinum
1830 1716 1833 1717 ⁷

181 1770 379 1815 mixtum
418 1783 526 1814 cum
564 1769 688 1814 nitro
726 1774 773 1814 et
810 1769 914 1814 vino
953 1774 999 1814 ct
1036 1768 1152 1830 oleo,
1192 1769 1314 1829 quod
1354 1769 1467 1814 satis
1505 1770 1584 1830 sit,
1622 1768 1779 1814 ulcera

97 1847 150 1885 38
183 1839 348 1900 capitis
394 1837 467 1884 vel
510 1838 851 1884 fervescentem
897 1837 1100 1884 scabiem
1145 1843 1288 1885 sanat.
1362 1837 1526 1884 Ulcera
1574 1839 1779 1884 recentia

183 1914 229 1955 et
267 1910 484 1954 universa
515 1909 626 1954 vitia
656 1907 866 1954 ulcerum
905 1909 954 1953 in
992 1909 1142 1969 capite
1181 1914 1345 1954 sanant
1382 1922 1578 1969 vermes,
1614 1909 1695 1968 qui
1731 1909 1779 1953 in

183 1978 349 2024 arbore
388 1992 497 2024 cava
535 1977 607 2024 vel
643 1978 831 2038 putrida
876 1985 1156 2038 nascuntur,
1202 1979 1301 2024 triti
1347 1985 1392 2024 et
1435 1979 1483 2024 in
1521 1992 1674 2039 panno
1711 1979 1777 2023 in-

182 2049 338 2109 positi.
404 2047 550 2094 lidem
588 2062 769 2094 vermes
808 2047 1026 2094 conbusti
1072 2055 1118 2094 et
1163 2062 1270 2094 cum
1308 2047 1477 2094 anetho
1516 2049 1640 2093 sicco
1679 2049 1780 2107 pari

97 2127 150 2164 39
182 2117 389 2179 pondere
427 2119 528 2164 triti
566 2123 613 2164 et
648 2119 841 2178 inpositi
879 2123 1043 2163 sanant
1080 2119 1219 2164 etiam
1260 2119 1583 2164 carcinomata.
1650 2116 1778 2163 lnula

180 2190 229 2234 in
270 2187 371 2234 oleo
410 2187 617 2234 discocta
655 2194 702 2234 et
740 2189 940 2234 contrita
979 2194 1025 2233 61
1062 2202 1167 2234 011111
1200 2187 1367 2248 butyro
1399 2186 1534 2233 ovillo
1568 2193 1614 2233 et
1642 2186 1777 2232 melle

181 2259 383 2318 inposita
413 2257 635 2304 cacoethe
668 2256 909 2318 [maligna]
942 2257 1177 2319 emendat3
1209 2257 1369 2304 eadem
1401 2258 1580 2303 ratione
1613 2271 1776 2303 curan-

181 2336 260 2374 tur
291 2334 338 2389 et
367 2327 548 2390 tubera,
586 2327 667 2374 sed
698 2327 811 2374 haec
844 2329 942 2372 vice
975 2327 1213 2387 emplastri
1243 2341 1397 2388 panno
1430 2326 1564 2372 inlini
1595 2326 1778 2372 debent.

98 2405 151 2443 40
182 2396 375 2443 Vermes
410 2397 648 2444 ulceribus
680 2398 844 2458 capitis
874 2396 946 2442 vel
978 2396 1352 2457 quibuscumque
1383 2398 1530 2442 innati
1560 2410 1778 2443 ranarum

182 2466 287 2512 felle
327 2467 574 2530 tolluntur3
621 2482 673 2513 ea
719 2481 848 2527 vem,
895 2480 1011 2526 quae
1055 2467 1340 2513 intrinsecus
1379 2472 1595 2527 serpunt,
1642 2466 1779 2512 salsa-

183 2543 339 2582 mento
378 2543 537 2582 vetere
575 2543 714 2583 tunso
753 2538 802 2582 111
839 2538 986 2582 vicem
1025 2535 1264 2591 emplastri
1301 2538 1502 2596 inposito
1542 2542 1778 2582 sanantur.

96 2614 148 2651 41
180 2605 327 2652 Radix
356 2608 551 2666 peponis
582 2608 782 2653 contrita
814 2611 860 2651 et
891 2605 1099 2666 adposita
1133 2612 1262 2652 sanat
1286 2605 1456 2668 ulcera,
1490 2620 1606 2666 quae
1639 2607 1779 2666 capiti

97 2684 151 2721 42
183 2677 231 2721 in
276 2676 465 2722 modum
512 2677 600 2722 favi
646 2681 968 2722 concrescunt.
1037 2674 1206 2721 Semen
1253 2676 1400 2722 rafani
1438 2677 1601 2722 tritum
1640 2681 1687 2721 et
1724 2690 1776 2721 ex

98 2754 151 2792 43
184 2759 301 2806 aqua
361 2745 623 2806 adpositum
675 2747 799 2792 sistit
843 2746 995 2790 omnia
1041 2744 1212 2792 ulcera.
1285 2745 1483 2792 Porrum
1528 2746 1780 2807 capitatum

1803 1919 1842 1950 25

1801 2269 1842 2299 30

1802 2617 1845 2649 35
