1898 3016
750 112 1124 163 -239—

140 243 262 288 intra
298 241 524 302 parietem
562 239 826 287 dormitorii
857 239 1059 287 cubiculi
1090 241 1303 303 tectori0,
1339 241 1384 287 id
1418 247 1489 288 est
1520 242 1732 306 capsella,

140 310 350 358 inclusus
387 311 632 372 reponitur
670 318 717 357 et
754 310 957 371 desuper
994 315 1067 357 ter
1103 312 1265 356 novies
1304 312 1528 371 signatur.
1589 311 1730 373 Splen
1761 321 1816 359 48

139 381 312 427 viventi
334 379 486 427 catulo
511 386 754 440 exemptus
779 379 989 443 ciboque,
1020 379 1102 426 sed
1133 386 1294 427 coctus
1326 380 1571 442 splenitico
1596 382 1732 429 datus

137 451 372 511 ignoranti
400 449 569 496 liberat
598 463 705 497 eum
737 451 947 511 quamvis
977 451 1179 511 graviter
1209 449 1510 498 laborantem.
1559 451 1734 498 Sedant

95 529 115 561 5
137 518 273 566 lienis
318 518 524 566 dolorem
570 519 751 566 radices
796 519 940 566 violae
983 519 1157 582 luteae,
1212 521 1253 566 si
1305 534 1360 567 ex
1406 527 1537 568 aceto
1583 521 1733 582 spleni

138 590 236 636 vice
275 589 515 651 emplastri
550 588 856 649 adponantur.

278 658 532 706 Tamaricis
569 657 774 705 radicem
810 658 883 705 vel
924 658 1035 706 folia
1074 660 1182 706 trita
1222 673 1277 705 ex
1315 666 1445 707 aceto
1484 659 1613 707 bibat
1650 662 1731 722 qui
1761 669 1815 706 49

137 728 193 775 de
241 727 400 790 splene
443 727 646 790 laborat,
691 729 826 775 cuius
877 743 1015 775 usum
1061 730 1101 775 si
1147 731 1352 790 experiri
1397 730 1626 793 volueris,
1676 731 1732 777 da

136 812 278 859 porco
324 797 549 844 edendam
592 811 678 858 per
721 797 821 844 dies
858 812 1045 861 novem3
1084 813 1191 845 cum
1230 813 1334 846 eum
1378 800 1586 862 occides,
1633 802 1732 846 sine

75 877 117 908 10
139 867 299 929 splene
335 868 558 913 invenies.

275 935 467 983 Lacerta
503 936 665 983 viridis
699 938 800 982 viva
830 938 878 983 in
909 939 1028 983 ostio
1059 937 1293 999 splenitici
1323 944 1429 985 ante
1461 937 1730 985 cubiculum
1761 946 1815 984 50

137 1007 239 1053 eius
277 1006 579 1067 suspenditur
615 1008 700 1069 ita,
746 1012 798 1053 ut
841 1005 1101 1067 procedens
1147 1013 1194 1054 et
1230 1007 1419 1054 rediens
1466 1023 1566 1054 eam
1612 1023 1730 1054 sem-

136 1090 221 1138 per
269 1090 408 1122 manu
460 1077 649 1122 sinistra
701 1082 745 1123 et
798 1078 948 1136 capite
998 1078 1256 1139 contingat3
1309 1092 1400 1138 quo
1446 1078 1568 1124 facto
1613 1079 1730 1124 mire

138 1146 192 1191 ad
240 1147 482 1192 sanitatem
526 1146 751 1206 proficiet.
823 1145 1025 1192 Herbam
1063 1146 1354 1192 urceolarem
1398 1149 1446 1193 in
1493 1162 1609 1208 aqua
1656 1147 1733 1194 de·
1762 1154 1815 1192 51

74 1224 114 1256 16
138 1220 316 1262 coctam
362 1215 416 1261 da
461 1214 638 1261 lienoso
684 1229 790 1261 cum
838 1215 938 1261 oleo
977 1221 1024 1262 et
1060 1215 1313 1277 liquamine
1350 1217 1732 1279 manducandam,

137 1286 254 1331 mire
293 1283 554 1331 subvenies.

278 1353 600 1416 Sisymhrium,
629 1353 928 1415 absinthium,
966 1360 1196 1417 nepetam,
1227 1354 1518 1401 marrubium
1549 1355 1731 1417 aequali
1761 1363 1811 1400 5²3

136 1437 357 1470 mensura
401 1430 530 1470 aceto
574 1429 804 1469 macerata
849 1425 988 1470 terito
1034 1430 1080 1470 et
1118 1424 1252 1470 melle
1291 1426 1453 1487 mixta,
1503 1425 1583 1471 sed
1623 1439 1731 1471 cum
1796 1484 1799 1488 ¹

138 1493 324 1553 polenta
362 1492 533 1539 'hordei
574 1493 756 1539 modica
801 1494 972 1554 inpone
1015 1493 1128 1540 lieni
1170 1494 1410 1555 emplastri
1444 1494 1605 1556 modo,
1650 1509 1730 1556 po-

75 1571 116 1602 20
140 1568 293 1610 tenter
329 1562 590 1609 medebere.
656 1562 866 1608 Hederae
910 1562 1017 1609 solia
1061 1569 1222 1610 tenera
1263 1564 1433 1610 tundes
1471 1579 1730 1626 sucumque
1761 1572 1814 1610 53

139 1633 240 1679 eius
287 1646 394 1678 cum
438 1633 544 1677 vino
590 1638 776 1678 austero
823 1631 1000 1679 lienoso
1038 1634 1194 1679 ieiuno
1231 1648 1317 1694 per
1353 1633 1562 1680 triduum
1598 1636 1732 1695 potui

139 1700 282 1748 dabis.
347 1701 504 1747 Filicis
540 1701 745 1747 radicem
783 1707 968 1748 tunsam
1005 1703 1202 1763 inpones
1239 1703 1351 1750 lieni
1388 1717 1495 1749 cum
1534 1705 1732 1765 axungia
1763 1713 1818 1750 54

138 1776 295 1817 vetere
333 1785 526 1831 eamque
565 1770 768 1817 radicem
806 1771 1073 1818 mundatam
1112 1787 1168 1818 ex
1206 1787 1323 1834 aqua
1362 1773 1418 1819 ad
1456 1774 1619 1819 tertias
1654 1773 1731 1820 de-

141 1854 316 1901 coques
369 1841 467 1901 ita,1
505 1846 558 1886 ut
612 1840 732 1900 quod
784 1840 839 1886 de
894 1843 1095 1887 sextario
1148 1842 1394 1889 decoctum
1447 1843 1735 1903 superfuerit

79 1918 119 1950 25
141 1924 226 1971 per
262 1909 470 1955 triduum
509 1924 615 1956 cum
649 1909 846 1970 oxymeli
876 1916 956 1957 aut
985 1925 1115 1957 mero
1147 1918 1335 1958 austero
1365 1913 1522 1958 ieiuno
1553 1912 1730 1959 lienoso

138 1980 270 2039 potui
308 1978 465 2040 detur3
503 1993 736 2025 summum
773 1980 1031 2026 remedium
1070 1982 1162 2027 cito
1201 1983 1471 2042 experieris,

278 2047 346 2094 Ad
392 2048 565 2109 splenis
611 2048 815 2095 dolorem
862 2050 1122 2096 remedium
1167 2053 1408 2112 egregium
1446 2053 1534 2098 sic:
1587 2050 1729 2106 Quin·
1761 2061 1813 2100 55

138 2131 228 2178 que
261 2119 411 2179 capita
441 2117 530 2163 alei
559 2117 806 2178 diligenter
835 2119 884 2165 in
918 2133 1060 2180 grana
1089 2122 1276 2181 purgati
1304 2135 1390 2182 per
1419 2120 1519 2167 dies
1550 2127 1729 2181 septem

138 2186 315 2233 lienoso
351 2187 671 2234 manducanda
710 2187 861 2251 dabis,
903 2190 967 2235 ita
1013 2195 1064 2235 ut
1100 2192 1251 2251 primo
1290 2190 1363 2237 die
1402 2205 1543 2251 grana
1580 2190 1730 2236 XXXI

77 2265 118 2297 80
140 2256 351 2303 comedat
394 2258 599 2320 ieiunUS,
645 2257 850 2304 secundo
895 2258 969 2304 die
1014 2273 1155 2319 grana
1193 2259 1328 2322 XXV,
1372 2262 1513 2306 tertio
1550 2259 1730 2323 XVIIII,

141 2331 304 2386 quarto
348 2324 442 2389 XV,
491 2328 653 2387 quinto
706 2326 790 2389 XI,
839 2334 968 2374 sexto
1014 2327 1155 2391 VIIII,
1208 2331 1404 2390 septimo
1450 2329 1547 2392 VII3
1602 2329 1730 2375 bibat

139 2401 292 2442 autem
330 2395 569 2443 conditum
607 2398 718 2443 satis
755 2398 1040 2460 piperatum3
1086 2413 1177 2460 quo
1224 2398 1345 2446 facto
1384 2413 1518 2445 omne
1557 2399 1728 2445 malum

138 2478 223 2524 per
267 2470 477 2512 ventrem
522 2466 722 2528 digeret,
768 2467 848 2513 sed
894 2473 941 2513 et
984 2482 1151 2529 porros
1196 2469 1408 2516 comedat
1452 2474 1557 2514 ante
1606 2469 1728 2515 diem

282 2588 302 2624 1
334 2584 378 2625 id
410 2587 478 2627 est,
507 2586 700 2641 capsella
729 2599 807 2630 om.
839 2587 983 2640 Plin.;
1018 2589 1196 2630 delenda
1229 2589 1331 2630 haec
1358 2589 1487 2632 verba
1515 2589 1728 2631 videntur.

140 2641 165 2679 5
198 2643 295 2681 ante
324 2639 452 2683 lienis
481 2643 581 2684 add.
611 2656 650 2685 a.
767 2648 816 2684 11
848 2644 893 2684 in
925 2643 1059 2699 ostio]
1090 2642 1136 2684 in
1167 2644 1257 2686 olla
1285 2644 1407 2687 Ptin.
1520 2644 1728 2686 nubilum.

143 2699 194 2735 14
226 2707 395 2748 aquam.
561 2702 612 2740 17
644 2698 927 2740 sisimbrium.
1093 2705 1146 2742 26
1177 2699 1412 2754 experieris
1442 2701 1617 2754 scripsi:
1656 2712 1727 2741 ex—

137 2750 332 2802 petierit.
446 2757 498 2793 33
527 2753 699 2806 digeritz.
