1930 3008
26 2034 38 2074 ij

24 2224 35 2343 {t

22 2336 50 2471 ξ

51 171 53 173 .
46 0 70 137 »ἔκπῆ

29 1794 50 1827 ‘.
126 1757 354 1803 medetur.

32 1823 37 1841 ι

730 97 1109 148 -355—

126 232 310 289 oportet
353 225 410 272 ad
455 225 606 272 mellis
650 225 1002 288 spissitudinem
1046 231 1184 286 atque
1228 226 1292 271 ita
1335 223 1502 285 pyxide
1547 238 1716 270 cornea

0 279 4 294 ⁸
44 339 46 342 .
124 297 302 358 reponi.
361 294 525 342 Melius
564 309 674 342 sane
711 303 783 342 est
820 309 984 342 recens
1021 294 1110 341 hoc
1141 294 1543 356 medicamentum,
1582 295 1717 340 cuius

2 383 3 387 ¹
46 367 48 369 ’
126 380 240 413 usus
279 365 381 412 talis
419 372 511 412 est:
549 364 598 412 Id
636 366 803 426 ipsum,
842 364 965 426 quod
1004 364 1286 411 destinatum
1324 364 1415 410 erit
1453 365 1552 410 sine
1591 363 1716 410 ferro

42 422 61 459 '¹'
125 435 246 498 tolli,
298 435 344 482 id
389 436 491 496 ipso
543 434 732 496 specillo
786 434 842 481 de
887 434 977 480 hoc
1029 434 1333 480 medicamine
1385 432 1620 479 oblinetur
1671 438 1720 479 et

0 508 4 544 ὲ
84 518 105 552 5
127 519 235 553 cum
279 505 392 551 satis
436 506 570 566 niger
613 504 764 566 locuS,
809 505 887 551 cui
929 505 1191 567 inponitur,
1236 510 1283 550 et
1328 504 1461 564 quasi
1497 509 1719 564 perustus

126 577 254 622 visus
285 575 440 631 fuerit,
474 580 575 621 tum
606 573 839 635 oportebit
869 588 963 620 non
993 574 1107 634 poni
1136 573 1541 634 medicamentum,
1579 574 1718 619 immo

126 646 266 692 etiam
302 643 561 705 abstergeri
606 650 652 690 et
688 658 856 704 panem
893 658 950 690 ex
987 657 1105 704 aqua
1142 650 1189 690 et
1226 657 1332 689 rosa
1369 643 1637 689 consectum
1673 647 1721 688 et

41 711 45 718 ⁹
126 716 289 762 tritum
327 714 501 774 inponi.
557 711 655 759 Hoc
687 718 734 759 et
764 719 967 760 strumas
998 718 1141 774 sanat,
1179 719 1427 774 antequam
1460 725 1719 773 suppuren-

126 792 217 831 tur.
283 782 480 843 Oportet
512 787 682 845 autem,
721 796 827 829 cum
863 782 953 829 hoc
989 782 1382 829 medicamentum
1419 787 1626 828 crustam
1656 780 1719 827 fe-

48 866 105 898 Ὶιο
127 854 246 900 cerit
281 854 330 899 in
367 852 574 913 strumis,
612 851 790 898 nullum
827 851 953 898 aliud
990 851 1215 898 adhiberi.
1279 851 1394 898 Cum
1425 865 1534 897 vero
1566 850 1719 911 aliqua
1751 860 1802 899 77

126 936 235 985 pars
272 921 432 968 talium
471 921 682 968 locorum
720 923 1049 982 suppuraverit
1086 927 1134 968 et
1166 921 1360 967 timidus
1390 920 1533 967 suerit
1562 922 1643 981 qui
1672 919 1720 966 id

126 993 302 1054 patitur
341 992 576 1054 sectionis,
613 997 714 1038 tum
750 992 877 1038 visco
909 1005 1046 1052 quam
1077 990 1278 1052 plurimo
1310 989 1599 1036 medicamen
1630 988 1721 1036 col-

36 1088 42 1113 ,i
126 1061 209 1123 ligi
246 1068 292 1108 et
328 1060 597 1122 conglobari
640 1067 780 1122 atque
824 1063 888 1108 ita
933 1061 1103 1122 adponi
1140 1059 1374 1121 oportebit
1418 1061 1468 1106 in
1513 1059 1636 1106 aluta
1673 1060 1723 1104 in

129 1137 310 1178 tantum
343 1132 543 1192 spatium
572 1131 893 1192 circumsecta,
925 1136 1149 1191 quantum
1173 1130 1340 1176 modus
1364 1129 1536 1176 ulceris
1559 1129 1722 1190 fuerit3

0 1215 2 1237 ὲ
38 1202 105 1245 '15
131 1215 184 1247 ea
222 1214 332 1246 sane
369 1205 499 1261 parte
536 1206 751 1262 ponetur,
789 1215 878 1261 qua
910 1207 1068 1260 aptum
1101 1201 1190 1246 erit
1219 1199 1354 1246 ulcus
1385 1200 1570 1259 aperiri.
1623 1197 1722 1244 Hoc

47 1274 52 1280 '
129 1284 214 1331 ego
251 1269 589 1316 medicamento
628 1283 765 1330 saepe
804 1269 1008 1316 diutinos
1046 1269 1231 1316 dolores
1269 1270 1405 1315 etiam
1440 1269 1647 1328 pectoris
1677 1275 1724 1314 et

127 1339 287 1386 lateris
318 1346 364 1385 et
394 1338 659 1385 lumborum
692 1338 874 1401 sustuli,
904 1353 1011 1386 cum
1042 1339 1099 1385 ad
1129 1338 1311 1385 nullum
1341 1338 1466 1384 aliud
1498 1337 1722 1398 malagma

129 1408 260 1456 dolor
292 1409 502 1470 cederet3
533 1408 797 1455 exulcerata
827 1411 951 1454 enim
981 1415 1112 1469 parte
1142 1410 1371 1469 cuiusque
1402 1407 1602 1454 dolentis
1632 1406 1724 1453 loci

130 1493 237 1526 cum
274 1477 516 1525 umoribus
553 1484 715 1539 postea
751 1479 914 1524 vitium
953 1492 1089 1525 omne
1128 1477 1362 1524 sublatum
1401 1483 1484 1524 est.

0 1546 108 1592 *20
269 1546 456 1594 Varices
507 1553 640 1594 curat
692 1553 738 1594 et
782 1548 925 1608 adeps
970 1548 1251 1608 gallinaceus
1302 1561 1408 1594 cum
1454 1561 1567 1607 cepa
1613 1548 1721 1593 trita
1754 1557 1806 1595 78

128 1619 359 1678 inpositus
404 1616 476 1663 vel
519 1617 778 1677 perductus
821 1617 1029 1665 adsidue.
1094 1617 1316 1664 Articulis
1353 1616 1524 1663 luxatis
1561 1630 1722 1662 sevum
1754 1627 1805 1665 79

127 1686 320 1748 pecudis
359 1688 698 1747 cuiuscumque
737 1701 844 1733 cum
878 1689 1035 1733 cinere
1067 1687 1123 1733 de
1155 1686 1320 1748 capillo
1353 1686 1571 1733 muliebri
1601 1686 1722 1732 facto

268 1825 512 1872 Frumenti
549 1840 690 1885 grana
730 1825 850 1871 VIIII
886 1828 935 1871 in
966 1826 1119 1886 tegula
1151 1826 1369 1872 candenti
1398 1824 1646 1871 combures
1677 1830 1724 1871 et
1753 1835 1807 1874 80

26 1902 39 1923 ⁴¹
65 1907 106 1940 25
129 1897 177 1942 in
216 1896 422 1941 cinerem
459 1895 643 1955 rediges
682 1901 729 1941 et
766 1897 937 1956 cymini
975 1896 1098 1956 quod
1138 1895 1319 1942 duobus
1358 1895 1515 1955 digitis
1553 1893 1722 1955 pollice

26 1928 42 2024 l

130 1971 177 2011 et
220 1963 483 2010 medicinali
528 1970 689 2010 tenere
729 1967 962 2027 potueris,
1007 1964 1222 2011 similiter
1260 1964 1491 2011 urendum
1528 1965 1577 2010 in
1615 1978 1720 2011 can-

130 2034 259 2080 denti
296 2033 450 2094 tegula
487 2048 632 2094 pones
670 2040 718 2080 et
755 2034 811 2080 de
850 2041 975 2081 terra
1013 2035 1137 2096 quod
1176 2034 1328 2081 tribus
1366 2034 1522 2094 digitis
1560 2040 1721 2080 tenere

128 2104 338 2164 potueris
383 2103 524 2149 addes
577 2117 759 2150 necnon
805 2109 851 2150 et
901 2104 1064 2150 laseris
1117 2105 1371 2166 modicum,
1421 2103 1544 2164 quod
1600 2105 1723 2149 inter

130 2173 246 2220 duos
285 2173 454 2233 digitos
493 2178 668 2233 teneaS,
706 2173 878 2220 adicies
908 2174 1048 2234 idque
1079 2176 1255 2234 paritet
1285 2179 1501 2220 conteres
1541 2180 1586 2219 et
1615 2175 1720 2218 vino

65 2255 107 2287 80
131 2242 471 2303 conglutinabis
517 2249 563 2289 et
607 2242 662 2288 ad
709 2242 887 2289 clavum
929 2243 1153 2305 adpones;
1199 2244 1245 2290 id
1283 2246 1421 2290 etiam
1459 2242 1720 2289 furunculis

129 2312 241 2359 utile
280 2319 363 2358 est.

268 2381 333 2428 De
378 2382 484 2427 fimo
527 2381 641 2442 pulli
678 2381 918 2442 gallinacei
956 2382 1079 2443 quod
1117 2382 1314 2428 rubrum
1353 2382 1494 2428 fuerit
1531 2380 1719 2442 colliges
1751 2392 1803 2429 81

46 2497 48 2499 ,
131 2458 177 2497 et
221 2451 424 2512 adpones
469 2450 672 2497 clavellis
717 2457 856 2513 atque
901 2452 1008 2498 inde
1055 2465 1134 2498 eos
1179 2453 1364 2513 saepius
1402 2451 1542 2515 lines,
1587 2451 1720 2497 vehe—

128 2526 312 2567 menter
347 2520 623 2567 medebitur.

269 2631 293 2667 3
325 2625 375 2665 Id
404 2625 567 2680 ipsum]
597 2625 760 2679 itaque.
845 2632 870 2668 4
903 2627 1088 2680 spicillo.
1173 2630 1220 2668 11
1254 2626 1462 2668 tumidus.
1547 2631 1597 2668 16
1627 2627 1720 2668 diu-

40 2694 46 2700 ’
129 2682 259 2724 tinus.
392 2686 442 2723 19
473 2682 740 2724 humoribus.
873 2696 1059 2726 omnem.
1191 2686 1244 2724 25
1277 2682 1431 2724 cinem.
1555 2682 1718 2726 cimini.

129 2742 183 2779 30
213 2736 481 2791 purunculis.

1382 2813 1433 2850 23
1444 2809 1466 2833 ²¹⁶
