1898 3016
739 119 1084 169 —13-

118 248 326 310 potione,
371 246 538 293 deinde
584 252 773 308 postero
818 246 892 293 die
931 245 1098 292 laveris
1140 245 1339 307 ciboque
1378 246 1511 293 firmo
1549 247 1712 308 utaris,

120 331 210 378 qua
246 330 298 363 re
336 322 383 363 et
420 315 741 363 observatione
780 315 970 377 efficies,
1008 329 1067 361 ne
1107 315 1216 375 quid
1256 317 1443 361 omnino
1480 316 1579 362 vitii
1610 329 1709 362 cor-

118 387 223 447 pori
267 392 347 432 tuo
391 386 571 432 accidat
615 391 661 431 et
704 391 931 447 perpetua
975 386 1171 432 sanitate
1217 386 1281 431 sis
1326 390 1469 431 tutus.
1543 384 1627 431 Est
1665 391 1712 432 et

118 457 245 517 potio
284 454 498 518 salubris,
537 469 655 516 quae
694 469 829 502 omne
868 456 1080 516 corporis
1117 455 1282 501 vitium
1320 454 1477 501 elimat
1507 462 1554 501 et
1590 453 1710 500 vale-

75 539 96 571 5
119 525 328 572 tudinem
352 525 607 571 confirmat.
652 524 766 571 Eius
788 526 991 586 potionis
1014 525 1106 571 iam
1137 530 1293 571 tecum
1323 523 1467 570 habes
1498 525 1711 585 conposi-

121 596 314 657 tionem3
353 609 439 655 per
476 608 621 641 annos
660 595 784 640 enim
823 594 1094 656 conplures,
1140 595 1419 640 amicissime
1455 593 1712 655 Maecenas,

121 679 228 711 cum
272 664 468 711 Caesare
512 669 673 710 nostro
718 665 895 724 pariter
938 678 1023 709 nos
1070 665 1249 718 morari
1292 665 1568 725 meministi,
1621 677 1712 724 quo

121 740 331 795 tempore
382 734 497 780 haec
548 732 836 779 observando
895 747 1151 794 numquam
1202 735 1250 779 in
1301 733 1448 779 ullum
1501 734 1714 793 corporis

119 803 391 864 languorem
429 802 655 866 incidisti,
698 816 789 863 quo
826 808 1038 863 tempore
1076 817 1162 849 nec
1200 808 1415 849 nostrum
1450 803 1712 863 Augustum

58 889 99 919 ιο
123 875 371 935 quicquam
414 872 697 919 molestioris
741 872 1025 919 incommodi
1068 886 1257 933 passum
1302 887 1405 918 esse
1443 873 1580 918 nosti.
1646 871 1712 917 Ita

120 944 245 990 enim
282 958 356 990 me
394 948 550 990 tecum
587 941 802 1004 habebis,
847 942 886 996 si
932 941 1139 988 libellum
1183 956 1339 988 meum
1383 941 1579 1002 legendo
1618 955 1714 987 sae-

121 1013 227 1074 pius
264 1014 496 1075 tractariS,
533 1014 615 1074 qui
651 1011 835 1073 plenius
872 1011 957 1059 tibi
994 1026 1068 1058 me
1106 1011 1298 1058 absente
1335 1017 1574 1072 praestare
1607 1025 1713 1057 con-

122 1081 279 1129 silium
322 1084 371 1128 in
415 1081 632 1129 omnibus
676 1083 864 1142 poterit.
935 1081 1129 1128 Terenti
1171 1081 1402 1142 Euelpisti
1452 1083 1502 1127 in
1552 1080 1715 1127 ultimo

122 1151 277 1198 libello
300 1152 426 1213 leges
454 1152 673 1214 dynames
704 1151 971 1213 herbarum,
995 1165 1110 1212 quas
1133 1157 1186 1197 ut
1209 1150 1531 1198 crescentibus
1555 1164 1715 1197 nume·

62 1238 101 1269 15
123 1223 190 1268 ris
227 1221 363 1268 lunae
401 1221 636 1284 observes,
673 1222 783 1268 dum
820 1220 944 1267 tollis
981 1226 1028 1267 et
1058 1222 1298 1283 conponis,
1331 1226 1508 1268 curato.
1569 1220 1618 1266 Si
1652 1221 1715 1266 ita

123 1305 218 1337 non
262 1292 431 1338 feceris
482 1297 530 1338 et
566 1291 621 1338 ad
660 1291 1026 1338 deminutionem
1071 1290 1208 1336 lunae
1255 1290 1523 1351 sustuleriS,
1560 1291 1715 1336 minus

124 1360 355 1408 valebunt.
419 1361 579 1422 Ipsum
625 1362 764 1408 etiam
805 1374 931 1406 mare
969 1374 1054 1421 per
1090 1359 1248 1406 lunam
1285 1361 1446 1420 augeri
1485 1366 1531 1406 et
1566 1360 1717 1406 minui

125 1431 321 1493 scimus,
359 1430 553 1478 cerebra
591 1433 728 1478 etiam
764 1430 1007 1476 hominum
1045 1435 1275 1490 augentur
1313 1435 1555 1476 crescente
1593 1428 1715 1475 luna.

125 1499 241 1547 Cum
286 1506 441 1547 autem
485 1502 713 1547 minuitur
764 1500 892 1558 luna,
937 1513 1030 1546 una
1066 1513 1279 1560 quaeque
1325 1513 1402 1545 res
1439 1498 1716 1545 deminutio·

61 1585 103 1615 20
125 1584 231 1617 nem
270 1572 424 1616 sentit.
477 1569 610 1624 Quod
648 1570 758 1617 licet
793 1583 1102 1630 recognoscas
1139 1583 1194 1615 ex
1227 1567 1314 1631 his,
1346 1567 1516 1630 quibus
1548 1567 1716 1615 cotidie

126 1641 296 1702 uteris,
346 1645 502 1686 tamen
554 1647 601 1687 et
650 1654 736 1701 per
781 1653 854 1685 me
906 1639 1171 1686 admonitus
1223 1640 1344 1685 scies
1403 1637 1619 1685 omnibus
1671 1643 1719 1684 et

123 1710 274 1756 minui
310 1715 611 1770 augmentum
649 1716 696 1756 et
732 1710 894 1770 augeri
930 1723 1015 1770 per
1050 1708 1220 1755 lunam.
1284 1707 1416 1763 Quod
1456 1709 1496 1754 si
1531 1710 1595 1755 ita
1633 1715 1718 1769 est,

125 1779 174 1825 in
218 1779 378 1825 herbis
425 1794 612 1841 quoque
657 1779 866 1840 legendis
910 1778 1323 1840 conponendisque
1367 1777 1717 1824 medicamentis

127 1849 218 1895 vim
257 1850 358 1895 eius
396 1854 443 1895 et
479 1855 757 1911 potestatem
801 1863 886 1895 nos
924 1847 1172 1895 observare
1211 1848 1383 1895 debere
1420 1862 1478 1894 ne
1517 1847 1717 1894 dubites.

168 2015 432 2078 Epistula
469 2014 617 2062 Plini
656 2014 894 2061 secundi
931 2014 994 2060 ad
1032 2015 1241 2060 amicos
1279 2013 1343 2061 de
1380 2014 1672 2061 medicina.

66 2142 106 2173 25
266 2126 558 2188 Frequenter
588 2127 703 2173 mihi
732 2128 780 2173 in
810 2125 1265 2188 peregrinationibus
1296 2125 1478 2188 accidit,
1505 2132 1558 2172 ut
1580 2140 1717 2187 prop-

127 2203 201 2244 ter
239 2210 386 2243 meam
432 2204 512 2244 aut
555 2211 769 2244 meorum
813 2196 1130 2242 infirmitatem
1168 2196 1318 2241 varias
1357 2195 1543 2242 fraudes
1575 2195 1717 2242 medi-

129 2280 292 2314 corum
330 2268 591 2329 experirer,
631 2266 908 2328 quibusdam
945 2265 1165 2311 vilissima
1203 2264 1408 2310 remedia
1450 2265 1719 2325 ingentibus

128 2337 293 2397 pretiis
337 2336 659 2399 vendentibus,
704 2336 805 2382 aliis
844 2350 896 2382 ea
927 2349 1043 2396 quae
1082 2348 1247 2381 curare
1279 2333 1548 2381 nesciebant
1591 2336 1719 2396 cupi-

130 2405 286 2452 ditatis
331 2420 469 2453 causa
522 2405 913 2468 suscipientibus;
966 2404 1189 2466 quosdam
1233 2418 1342 2450 vero
1395 2405 1588 2465 conperi
1630 2404 1720 2451 hoc

68 2490 108 2521 30
130 2489 302 2536 genere
339 2478 556 2539 grassari,
594 2483 646 2523 ut
682 2475 968 2537 languenteS,
1007 2476 1087 2535 qui
1116 2475 1409 2535 paucissimis
1447 2473 1612 2521 diebus
1649 2474 1721 2521 vel

131 2546 269 2592 etiam
313 2545 442 2592 horis
485 2552 679 2609 possent
723 2547 896 2608 sanari,
933 2546 982 2590 in
1019 2543 1207 2605 longum
1245 2549 1429 2605 tempus
1465 2544 1719 2607 traherent,

241 2654 269 2692 4
299 2651 599 2694 valetudinem
629 2653 806 2706 scripsi.-
842 2650 1101 2694 valitudine.
1212 2652 1263 2690 13
1292 2649 1511 2703 Euelpisti
1544 2651 1721 2704 scripsi:

130 2705 335 2760 Velpisti.
470 2713 520 2750 16
552 2707 900 2750 deminutionem
932 2710 957 2748 1
967 2720 1007 2749 m
1038 2704 1377 2748 diminutionem
1404 2707 1500 2758 2m,
1530 2707 1629 2749 item
1655 2710 1720 2749 19.

132 2765 183 2804 31
214 2763 412 2819 possent]
444 2766 568 2818 poss.

1747 880 1796 918 11
