1898 3016
203 215 403 276 gummis
441 213 480 259 X
511 213 530 260 Ι
562 213 605 260 8.
673 213 797 260 Haec
835 219 973 260 tunsa
1010 220 1056 259 et
1093 212 1294 259 cribrata
1333 227 1439 259 cum
1478 214 1582 259 vino
1621 214 1796 274 optimo

203 292 327 331 teres
365 289 503 344 atque
541 283 648 330 inde
681 283 871 344 collyria
907 282 1143 329 formabis.
1204 282 1403 336 Quidam
1441 282 1649 329 adiciunt
1685 282 1795 329 huic

203 353 393 414 collyrio
438 354 644 414 viperam
690 355 861 399 siccam
906 359 953 399 et
991 353 1238 399 arefactam
1277 351 1395 398 bene
1433 353 1481 398 in
1520 351 1637 414 sole,
1681 359 1793 399 tam-

204 437 340 484 quam
385 423 426 468 si
462 424 522 468 sit
560 422 717 484 salita3
755 423 874 469 hanc
913 436 1023 482 ergo
1061 424 1101 468 si
1137 421 1340 468 volueris
1377 421 1575 484 adicere,
1613 436 1795 468 exossa-

159 507 180 538 5
203 491 274 538 bis
311 493 441 553 prius
479 498 526 538 et
561 492 752 538 linteolo
790 492 995 538 involves
1033 497 1172 553 atque
1209 493 1271 538 ita
1309 505 1451 552 super
1488 505 1588 537 eam
1623 493 1795 553 vinum,

201 562 324 608 unde
363 561 604 623 collyrium
641 561 730 608 hoc
761 561 1117 622 temperandum
1149 567 1235 623 est,
1271 560 1514 622 defundes,
1551 561 1633 607 sed
1663 562 1795 621 prius

201 646 301 678 eam
338 633 404 678 sic
443 631 783 693 praecantabis,
827 646 886 677 ne
930 631 1151 677 lacrimus
1195 638 1348 694 exeat,
1393 645 1450 676 ne
1501 630 1698 692 extillet,
1735 645 1794 677 ne

201 707 377 747 noceat.
436 700 571 747 Dices
609 708 786 748 autem:
827 700 1070 755 Quomodo
1109 709 1158 747 tu
1197 715 1292 747 non
1328 700 1470 762 vides,
1509 702 1576 746 sic
1608 707 1654 746 et
1684 706 1795 746 tuus

201 784 342 817 sucus
387 776 598 831 gustatus
645 770 760 817 nulli
807 777 992 832 noceat,
1040 770 1121 816 sed
1160 769 1218 816 ob
1256 785 1376 831 rem,
1420 777 1614 830 propter
1656 784 1794 830 quam

139 854 179 885 ιο
201 839 379 886 adiecta
427 854 497 901 es,
545 840 761 900 proficias
813 840 932 886 bene
985 841 1226 886 curatione
1277 853 1459 900 precor.
1535 838 1878 900 Collyrium200

199 909 427 970 liquidum
466 909 887 956 delacrimatorium
922 911 1091 970 accipit
1119 908 1254 955 haec:
1293 908 1591 955 Chelidoniae
1621 907 1794 954 herbae

200 981 302 1026 suci
332 979 371 1024 X
396 979 441 1040 S,
472 979 621 1025 mellis
651 980 792 1026 Attici
817 979 856 1026 X
879 980 912 1042 1,
944 978 1230 1040 opobalsami
1259 978 1298 1024 X
1324 978 1368 1040 S,
1401 980 1502 1024 suci
1531 979 1662 1038 porri
1683 977 1722 1023 X
1749 977 1793 1024 S.

199 1047 323 1094 Haec
354 1051 495 1095 mixta
527 1049 583 1094 de
607 1050 709 1110 ipso
735 1064 847 1096 suco
881 1049 1072 1110 colliges
1103 1048 1176 1094 vel
1206 1049 1262 1095 dc
1295 1063 1411 1109 aqua
1443 1048 1631 1093 fontana
1654 1055 1792 1109 atque

127 1147 131 1150 -
200 1119 263 1164 ita
308 1118 495 1179 collyria
539 1118 774 1165 formabis.
849 1118 1102 1180 Collyrium
1147 1121 1323 1165 siccum
1370 1117 1517 1164 oculis
1556 1117 1875 1163 siccandis201

139 1203 179 1234 15
202 1187 315 1233 utile
347 1188 592 1234 conficitur
623 1190 711 1235 sic:
750 1188 963 1235 Cadmiae
996 1188 1034 1234 X
1058 1188 1091 1249 Ι,
1123 1190 1244 1234 aeris
1274 1189 1368 1233 usti
1398 1187 1438 1232 X
1468 1186 1501 1249 Ι,
1532 1187 1661 1233 stibii
1691 1186 1730 1232 X
1753 1186 1792 1248 Ι,

199 1256 369 1303 adicies
399 1257 507 1303 huic
538 1257 743 1320 collyrio,
780 1259 821 1304 si
851 1260 1005 1304 acrius
1035 1257 1149 1304 illud
1180 1258 1332 1304 facere
1364 1257 1580 1318 volueris,
1622 1262 1793 1303 stactes

200 1325 239 1371 X
271 1326 301 1371 S
340 1333 386 1372 et
423 1327 591 1373 tundes
630 1334 770 1388 atque
810 1327 1039 1374 cribrabis
1082 1342 1167 1388 per
1211 1328 1538 1373 tenuissimum
1583 1326 1792 1372 cribrum

199 1402 245 1441 et
289 1397 356 1442 sic
401 1396 591 1456 pulvere
634 1399 796 1443 uteris.
869 1397 1005 1443 Aliud
1051 1399 1228 1443 siccum
1275 1395 1517 1457 collyrium
1562 1396 1617 1442 ad
1662 1396 1876 1442 idem202

78 1511 83 1513 ,
199 1464 361 1511 efficax
393 1467 482 1512 sic:
519 1465 734 1513 Cadmiae
766 1466 805 1512 X
838 1466 950 1528 VllI,
982 1466 1091 1512 salis
1122 1467 1398 1513 ammoniaci
1427 1465 1465 1511 X
1492 1465 1586 1528 VII,
1616 1467 1793 1526 piperis

133 1548 175 1580 ευ
198 1533 236 1580 X
260 1534 309 1596 V,
340 1537 490 1581 casiae
521 1535 560 1581 X
590 1535 639 1582 V.
702 1535 889 1582 Tundes
927 1536 1042 1582 haec
1081 1543 1219 1597 atque
1257 1538 1306 1582 in
1342 1535 1580 1596 pulverem
1619 1537 1792 1581 tenuis-

197 1606 365 1651 simum
413 1604 597 1665 rediges
644 1611 691 1651 et
734 1607 802 1652 sic
839 1608 1003 1652 uteris.
1077 1605 1330 1667 Collyrium
1367 1606 1544 1651 siccum
1583 1604 1875 1651 calliblc-203

195 1674 371 1734 pharon
404 1675 648 1721 conficitur
680 1676 771 1722 sic:
811 1675 950 1721 Stibii
980 1675 1197 1722 conbusti
1226 1674 1266 1720 X
1291 1674 1323 1737 1,
1353 1676 1530 1735 piperis
1561 1674 1652 1720 albi
1681 1673 1722 1720 X
1747 1674 1791 1736 S,

196 1743 293 1788 folii
330 1743 584 1806 capitulum
621 1759 782 1805 unum,
821 1745 1011 1791 stibium
1051 1745 1285 1791 conbures
1323 1751 1370 1790 et
1408 1744 1519 1790 lotio
1551 1746 1688 1804 pueri
1723 1745 1791 1789 in-

195 1812 334 1872 pubis
380 1815 624 1873 extingues
670 1821 718 1860 et
755 1814 952 1861 siccabis
999 1821 1046 1860 et
1082 1814 1252 1860 tundcs
1291 1820 1337 1860 et
1375 1813 1603 1859 cribrabis
1641 1820 1688 1860 et
1724 1815 1792 1859 sic

132 1897 174 1927 25
197 1884 358 1928 uteris.
411 1882 662 1943 Collyrium
694 1884 742 1930 di
765 1898 881 1930 oxus
913 1884 967 1930 ad
1001 1884 1316 1944 aspritudines
1347 1883 1592 1931 oculorum
1621 1882 1876 1929 tollen-204

197 1951 277 1997 das
315 1953 583 1999 conficitur:
643 1952 858 1999 Cadmiae
896 1953 936 1999 X
966 1953 1071 2014 XII,
1111 1955 1231 1999 aeris
1268 1954 1364 1999 usti
1400 1952 1439 1998 X
1470 1951 1531 2014 Χ,
1569 1952 1791 1999 haemati-

195 2023 255 2066 tis
293 2020 331 2066 X
363 2021 412 2084 V,
449 2036 631 2083 myrrae
670 2022 710 2068 X
739 2022 835 2085 1111,
866 2026 1066 2083 gummis
1099 2022 1137 2069 X
1167 2022 1260 2068 VlI.
1319 2022 1443 2068 Haec
1473 2024 1522 2068 in
1551 2022 1790 2082 pulverem

194 2090 381 2137 redacta
419 2098 550 2138 aceto
588 2093 764 2152 optimo
803 2092 993 2153 colliges
1040 2098 1086 2138 et
1123 2092 1289 2138 deinde
1328 2091 1516 2152 collyria
1554 2087 1789 2138 formabis.

195 2159 446 2221 Collyrium
484 2167 683 2208 stactum
715 2164 884 2223 accipit
914 2162 1050 2208 haec:
1088 2162 1268 2222 Piperis
1299 2161 1392 2207 albi
1423 2161 1463 2206 X
1494 2161 1547 2222 ll,
1579 2161 1874 2207 cadmiae205

131 2243 171 2274 30
194 2228 234 2275 X
265 2229 343 2275 Vll
375 2230 419 2292 S,
458 2245 677 2277 cerussae
716 2231 756 2277 X
786 2231 823 2276 V
856 2232 900 2289 S,
938 2232 1086 2278 Indici
1124 2231 1164 2276 X
1194 2230 1230 2274 V
1263 2231 1313 2293 S,
1352 2231 1635 2291 opobalsami
1672 2230 1712 2276 X
1745 2230 1789 2292 8,

192 2301 392 2359 gummis
429 2299 468 2345 X
499 2299 614 2347 VIII.
688 2301 812 2348 Haec
858 2303 906 2347 in
948 2301 1189 2363 pulverem
1227 2301 1413 2347 redacta
1450 2299 1646 2346 Falerno
1684 2301 1790 2346 vino

193 2369 475 2430 temperabis
503 2376 550 2417 et
573 2370 777 2431 colliges.
832 2371 1085 2432 Collyrium
1110 2371 1424 2431 diapsoricum
1448 2371 1619 2430 accipit
1648 2369 1874 2416 baem-206

201 2437 376 2498 Piperis
399 2439 490 2486 albi
513 2439 553 2485 X
580 2439 612 2502 I,
637 2443 764 2487 croci
789 2440 934 2487 Siculi
958 2440 997 2486 X
1024 2441 1056 2502 Ι,
1080 2454 1263 2502 myrrae
1287 2439 1326 2485 X
1343 2439 1397 2500 ΙΙ,
1421 2439 1561 2485 amuli
1583 2438 1671 2501 XI,
1696 2441 1789 2499 opii

193 2507 233 2552 X
258 2507 303 2569 S,
333 2508 615 2570 opobalsami
638 2509 679 2555 X
703 2510 748 2573 S,
780 2512 982 2571 gummis
1007 2510 1046 2555 X
1071 2509 1124 2556 ΙΙ.
1174 2510 1304 2570 Aqua
1336 2508 1524 2570 pluviali
1554 2509 1667 2554 haec
1699 2508 1790 2555 col-

130 2589 171 2620 35
194 2576 308 2637 liges
324 2585 461 2624 tunsa
477 2585 615 2639 atque
635 2579 835 2626 cribrata
854 2586 994 2640 atque
1013 2580 1120 2625 inde
1139 2578 1326 2640 collyria
1346 2578 1501 2624 facies.
1532 2578 1783 2639 Collyrium
1793 2586 1872 2625 207

303 2730 329 2766 4
360 2725 519 2770 sallita.
637 2730 688 2767 16
720 2727 883 2770 stactes
912 2726 953 2768 Χ
984 2726 1032 2782 8]
1066 2727 1232 2768 stactes
1265 2726 1314 2769 V.
1429 2731 1481 2768 31
1512 2725 1708 2779 pulvere.
