1898 3016
745 91 1091 141 -51-

126 233 285 266 omnes
323 217 517 265 sanabit.
585 217 746 280 Capilli
785 225 831 264 et
867 217 1036 265 barbae
1076 225 1328 265 nascentur
1366 220 1503 266 etiam
1542 218 1715 282 glabr0‚
1748 229 1799 267 23

126 291 164 335 si
208 288 436 335 lichenem
483 289 622 351 asini,
674 288 719 334 id
765 294 836 334 est
880 287 1200 335 collectionem
1247 288 1431 350 duram,
1482 303 1599 349 quae
1645 294 1717 335 est

125 361 246 405 circa
284 371 421 404 crura
460 359 574 419 eius,
613 356 858 404 comburas
898 365 943 404 et
979 364 1103 404 teras
1141 365 1186 404 et
1217 357 1456 418 pulverem
1492 358 1619 404 illum
1661 373 1717 404 ex

124 428 224 474 oleo
267 434 424 473 vetere
470 428 678 487 inponas.
746 426 844 473 Hoc
890 428 951 473 ita
997 426 1197 473 validum
1237 434 1328 489 est,
1368 434 1418 474 ut
1456 429 1496 474 si
1533 428 1717 474 mulieri

82 497 230 544 5inde
274 495 503 542 maxillam
551 498 763 559 unxeris,
814 496 981 543 barbas
1027 498 1069 542 ei
1120 498 1249 543 nasci
1294 498 1427 543 scias.
1501 496 1718 544 Erinacei
1747 507 1801 545 24

123 572 263 628 caput
299 573 344 612 et
380 565 597 626 pellicula
634 565 876 612 combusta
913 567 1124 627 cinisque
1171 568 1213 613 ei
1255 567 1434 613 adiecto
1475 566 1607 612 melle
1646 568 1714 613 in-

122 636 232 682 litus
262 635 480 696 alopeciis
511 636 604 681 cito
635 635 839 696 prodest.
899 634 1046 696 Caput
1078 641 1232 683 autem
1264 638 1365 683 eius
1394 651 1480 697 per
1511 650 1559 682 se
1592 650 1714 683 com-

121 705 312 752 bustum
359 710 406 751 et
449 704 629 751 adiecta
666 706 814 764 ipsius
852 705 986 765 adipe
1026 706 1144 751 cinis
1182 705 1257 751 ille
1295 705 1515 767 alopeciis
1553 706 1713 752 inlitus

122 777 258 821 etiam
289 775 574 820 cicatricosis
606 774 715 820 facit
746 773 865 834 pilos
895 776 1092 821 renasci.
1147 774 1281 829 Quod
1314 777 1353 821 si
1386 781 1535 821 totum
1560 777 1712 837 ipsum

59 857 99 888 10
122 846 226 905 quis
264 849 427 891 exurat
463 850 509 890 et
545 842 784 904 pulverem
823 845 924 890 eius
962 843 1082 890 bene
1120 846 1284 890 tritum
1323 859 1430 890 cum
1468 845 1600 906 adipe
1636 859 1712 891 ur-

121 915 220 960 sina
257 913 384 960 calvo
423 913 478 959 ad
516 914 754 974 integrum
791 915 932 974 capiti
970 914 1174 975 inponat,
1213 914 1432 960 decorem
1462 915 1714 975 pristinum

119 984 338 1030 restituet
375 982 662 1043 capillorum.
714 982 782 1028 Ad
820 984 993 1028 tineam
1025 983 1299 1030 curandam:
1340 983 1589 1045 Sulphuris
1621 985 1712 1030 vivi
1743 993 1795 1031 25

124 1079 181 1084 -
215 1052 270 1115 11,
308 1051 415 1098 salis
455 1052 635 1098 fossicii
675 1077 733 1084 -
768 1051 808 1114 Ι,
846 1059 983 1098 tunsa
1021 1058 1068 1099 et
1105 1052 1307 1100 cribrata
1344 1053 1458 1100 haec
1495 1068 1600 1099 raso
1640 1068 1712 1100 ca-

0 1151 1 1181 3
120 1124 206 1182 piti
250 1129 296 1168 et
339 1121 432 1168 loto
478 1123 526 1167 in
573 1121 737 1167 balneo
783 1121 1083 1184 confricabis,
1130 1124 1194 1169 ita
1239 1129 1291 1169 ut
1334 1124 1468 1183 prius
1515 1123 1570 1169 de
1610 1123 1711 1169 oleo

0 1186 1 1237 ἐ
57 1202 96 1233 15
119 1191 250 1237 locus
288 1192 453 1252 capitis
490 1192 702 1237 tineosus
739 1197 1030 1251 perungatur
1068 1198 1115 1237 et
1151 1193 1219 1238 sic
1252 1192 1404 1253 pulvis
1435 1194 1524 1238 iste
1555 1207 1711 1253 asper-

118 1267 254 1321 gatur
299 1267 345 1307 et
388 1260 468 1306 diu
513 1260 729 1322 fricetur,
775 1275 1019 1321 quousque
1066 1260 1273 1322 liquefiat
1322 1262 1492 1308 sudore
1531 1263 1709 1322 capitis.

118 1329 216 1376 Hoc
254 1330 390 1376 modo
428 1331 551 1375 intra
589 1344 670 1375 sex
708 1329 807 1375 dies
846 1329 1086 1376 curabitur
1124 1332 1260 1377 tinea.
1324 1330 1454 1378 Facit
1490 1331 1579 1378 hoc
1619 1346 1710 1378 me-

119 1399 330 1446 dicamen
368 1406 414 1445 et
452 1399 506 1445 ad
545 1398 797 1461 scabiosoS,
841 1399 1033 1459 prodest
1078 1405 1125 1446 et
1162 1400 1248 1462 his,
1288 1400 1459 1461 quibus
1497 1401 1710 1461 pustulae

0 1501 1 1511 ,
119 1475 376 1515 nascuntur
422 1470 471 1514 in
518 1468 635 1515 facie
680 1474 915 1529 tamquam
953 1468 1297 1530 elephantiacae
1337 1469 1574 1516 rubentes.
1642 1470 1710 1516 Ad
1742 1480 1794 1518 26

0 1546 1 1594 3
56 1549 96 1581 20
119 1537 308 1598 capillos
339 1539 419 1598 qui
449 1544 555 1598 post
585 1532 902 1584 infirmitatem
934 1538 1154 1585 decidunt
1180 1539 1524 1586 confirmandos
1555 1539 1711 1586 cedria

0 1603 1 1608 ’
118 1614 164 1653 et
208 1607 308 1653 oleo
351 1608 453 1667 pari
498 1606 702 1667 pondere
746 1608 890 1653 mixto
937 1607 1129 1654 adsidue
1175 1623 1255 1654 eos
1294 1623 1417 1669 unge
1463 1614 1510 1655 et
1546 1608 1711 1656 leviter

115 1678 321 1737 pectina:
358 1675 566 1722 laudabis
605 1677 833 1723 effectum.
897 1676 965 1723 Ad
1004 1677 1196 1739 capillos
1234 1678 1504 1725 decidentes
1542 1679 1708 1725 confir·
1741 1688 1792 1726 27

117 1745 328 1792 mandos:
378 1746 569 1806 Adipem
623 1747 830 1792 ursinam
875 1761 981 1793 cum
1026 1746 1189 1794 ladano
1228 1748 1447 1794 miscebis
1486 1755 1532 1794 et
1570 1755 1710 1809 caput

115 1828 349 1876 perunges
393 1814 465 1860 vel
501 1815 600 1861 loca
638 1814 943 1862 defluentium
973 1815 1246 1877 capillorum
1278 1825 1357 1863 aut
1387 1817 1539 1863 ladani
1569 1820 1707 1864 uncia

0 1875 1 1881 ¹
53 1897 93 1928 25
115 1898 207 1930 una
252 1891 297 1930 et
342 1884 549 1930 oenelaei
593 1885 744 1931 unciis
789 1884 969 1932 duabus
1014 1887 1137 1932 tritis
1187 1893 1233 1933 et
1276 1889 1521 1948 permixtis
1566 1894 1707 1948 caput

114 1967 395 2014 perungues.
449 1953 518 1999 Ad
548 1953 746 2000 fluentes
777 1954 986 2015 capillos:
1021 1954 1218 2002 Scobem
1250 1956 1306 2002 de
1338 1971 1484 2003 cornu
1516 1958 1705 2003 cervino
1736 1966 1789 2004 28

113 2024 344 2084 permisce
390 2037 497 2069 cum
542 2024 718 2069 semine
763 2026 902 2085 myrti
940 2026 1097 2084 nigrae
1139 2025 1319 2072 adiecto
1369 2026 1537 2088 butyro
1585 2026 1706 2073 oleo-

114 2106 204 2153 que
243 2098 290 2138 et
327 2094 467 2153 capiti
504 2107 607 2138 raso
647 2093 921 2139 densissime
960 2093 1134 2156 obline3
1173 2096 1310 2141 etiam
1351 2110 1405 2142 ex
1436 2096 1705 2143 infirmitate

112 2161 311 2208 fluentes
363 2162 553 2223 capillos
605 2162 857 2209 efficaciter
908 2163 1181 2210 continebis.
1255 2163 1546 2211 Sandaracha
1598 2179 1705 2212 cum
1736 2174 1788 2211 29

51 2237 243 2277 anaceto
280 2233 461 2277 incocta
507 2237 553 2278 et
598 2231 837 2292 emplastri
880 2246 1008 2278 more
1053 2234 1255 2293 inposita
1299 2233 1521 2280 fluentem
1567 2234 1704 2295 capil-

113 2299 207 2347 lum
244 2300 523 2347 validissime
563 2301 741 2348 solidat.
816 2301 865 2347 Si
904 2303 1008 2363 quis
1045 2302 1284 2350 maleficiis
1323 2303 1513 2364 capillos
1549 2303 1704 2365 perdi·
1734 2313 1788 2350 30

113 2369 254 2432 derit,
298 2370 382 2417 hac
421 2385 501 2417 eos
539 2371 594 2417 ad
631 2372 876 2431 pristinam
914 2371 1109 2418 sormam
1146 2374 1324 2419 ratione
1362 2373 1620 2436 reparabit,
1665 2375 1705 2420 si

112 2438 335 2486 lacertum
375 2440 547 2486 salsum
585 2447 866 2487 martensem
904 2456 1010 2488 cum
1048 2456 1132 2488 suo
1164 2444 1314 2504 capite
1353 2449 1400 2489 et
1428 2442 1558 2490 lanae
1593 2457 1702 2504 pur-

111 2522 282 2568 pureae
328 2511 500 2571 optime
545 2511 593 2556 in
638 2510 878 2572 conchylio
924 2513 1097 2557 tinctae
1135 2511 1248 2558 duas
1286 2511 1450 2573 ligulas
1489 2519 1534 2559 et
1571 2513 1703 2560 char-

51 2589 91 2621 ⁸5
114 2585 206 2624 tam
251 2578 466 2625 cubitalis
515 2594 762 2626 mensurae
810 2583 1057 2642 separatim
1103 2581 1347 2628 comburat
1398 2583 1700 2644 cineremque

111 2648 388 2707 permisceat
425 2655 726 2710 conteratque
759 2664 865 2696 cum
897 2650 998 2696 oleo
1029 2650 1219 2697 cedrino
1251 2651 1473 2712 paulatim
1503 2652 1699 2715 adiect0,

110 2723 163 2763 ut
200 2718 555 2773 crassitudinem
594 2718 718 2765 velut
762 2718 954 2780 glutinis
992 2720 1152 2782 faciat,
1198 2735 1346 2782 eoque
1392 2721 1698 2769 medicamine

1366 2799 1425 2840 4*
